%YAML 1.1
%TAG !u! tag:unity3d.com,2011:
--- !u!29 &1
OcclusionCullingSettings:
  m_ObjectHideFlags: 0
  serializedVersion: 2
  m_OcclusionBakeSettings:
    smallestOccluder: 5
    smallestHole: 0.25
    backfaceThreshold: 100
  m_SceneGUID: 00000000000000000000000000000000
  m_OcclusionCullingData: {fileID: 0}
--- !u!104 &2
RenderSettings:
  m_ObjectHideFlags: 0
  serializedVersion: 9
  m_Fog: 0
  m_FogColor: {r: 0.5, g: 0.5, b: 0.5, a: 1}
  m_FogMode: 3
  m_FogDensity: 0.01
  m_LinearFogStart: 0
  m_LinearFogEnd: 300
  m_AmbientSkyColor: {r: 0.212, g: 0.227, b: 0.259, a: 1}
  m_AmbientEquatorColor: {r: 0.114, g: 0.125, b: 0.133, a: 1}
  m_AmbientGroundColor: {r: 0.047, g: 0.043, b: 0.035, a: 1}
  m_AmbientIntensity: 1
  m_AmbientMode: 0
  m_SubtractiveShadowColor: {r: 0.42, g: 0.478, b: 0.627, a: 1}
  m_SkyboxMaterial: {fileID: 10304, guid: 0000000000000000f000000000000000, type: 0}
  m_HaloStrength: 0.5
  m_FlareStrength: 1
  m_FlareFadeSpeed: 3
  m_HaloTexture: {fileID: 0}
  m_SpotCookie: {fileID: 10001, guid: 0000000000000000e000000000000000, type: 0}
  m_DefaultReflectionMode: 0
  m_DefaultReflectionResolution: 128
  m_ReflectionBounces: 1
  m_ReflectionIntensity: 1
  m_CustomReflection: {fileID: 0}
  m_Sun: {fileID: 0}
  m_IndirectSpecularColor: {r: 0.45047045, g: 0.50047266, b: 0.57517034, a: 1}
  m_UseRadianceAmbientProbe: 0
--- !u!157 &3
LightmapSettings:
  m_ObjectHideFlags: 0
  serializedVersion: 12
  m_GIWorkflowMode: 1
  m_GISettings:
    serializedVersion: 2
    m_BounceScale: 1
    m_IndirectOutputScale: 1
    m_AlbedoBoost: 1
    m_EnvironmentLightingMode: 0
    m_EnableBakedLightmaps: 1
    m_EnableRealtimeLightmaps: 0
  m_LightmapEditorSettings:
    serializedVersion: 12
    m_Resolution: 2
    m_BakeResolution: 40
    m_AtlasSize: 1024
    m_AO: 0
    m_AOMaxDistance: 1
    m_CompAOExponent: 1
    m_CompAOExponentDirect: 0
    m_ExtractAmbientOcclusion: 0
    m_Padding: 2
    m_LightmapParameters: {fileID: 0}
    m_LightmapsBakeMode: 1
    m_TextureCompression: 1
    m_FinalGather: 0
    m_FinalGatherFiltering: 1
    m_FinalGatherRayCount: 256
    m_ReflectionCompression: 2
    m_MixedBakeMode: 2
    m_BakeBackend: 1
    m_PVRSampling: 1
    m_PVRDirectSampleCount: 32
    m_PVRSampleCount: 512
    m_PVRBounces: 2
    m_PVREnvironmentSampleCount: 256
    m_PVREnvironmentReferencePointCount: 2048
    m_PVRFilteringMode: 1
    m_PVRDenoiserTypeDirect: 1
    m_PVRDenoiserTypeIndirect: 1
    m_PVRDenoiserTypeAO: 1
    m_PVRFilterTypeDirect: 0
    m_PVRFilterTypeIndirect: 0
    m_PVRFilterTypeAO: 0
    m_PVREnvironmentMIS: 1
    m_PVRCulling: 1
    m_PVRFilteringGaussRadiusDirect: 1
    m_PVRFilteringGaussRadiusIndirect: 5
    m_PVRFilteringGaussRadiusAO: 2
    m_PVRFilteringAtrousPositionSigmaDirect: 0.5
    m_PVRFilteringAtrousPositionSigmaIndirect: 2
    m_PVRFilteringAtrousPositionSigmaAO: 1
    m_ExportTrainingData: 0
    m_TrainingDataDestination: TrainingData
    m_LightProbeSampleCountMultiplier: 4
  m_LightingDataAsset: {fileID: 0}
  m_LightingSettings: {fileID: 0}
--- !u!196 &4
NavMeshSettings:
  serializedVersion: 2
  m_ObjectHideFlags: 0
  m_BuildSettings:
    serializedVersion: 2
    agentTypeID: 0
    agentRadius: 0.5
    agentHeight: 2
    agentSlope: 45
    agentClimb: 0.4
    ledgeDropHeight: 0
    maxJumpAcrossDistance: 0
    minRegionArea: 2
    manualCellSize: 0
    cellSize: 0.16666667
    manualTileSize: 0
    tileSize: 256
    accuratePlacement: 0
    maxJobWorkers: 0
    preserveTilesOutsideBounds: 0
    debug:
      m_Flags: 0
  m_NavMeshData: {fileID: 0}
--- !u!4 &26043754 stripped
Transform:
  m_CorrespondingSourceObject: {fileID: 1232642526394195319, guid: be47ac35f899a42c2b88ba88da941498, type: 3}
  m_PrefabInstance: {fileID: 1884938160}
  m_PrefabAsset: {fileID: 0}
--- !u!1 &114468713
GameObject:
  m_ObjectHideFlags: 0
  m_CorrespondingSourceObject: {fileID: 0}
  m_PrefabInstance: {fileID: 0}
  m_PrefabAsset: {fileID: 0}
  serializedVersion: 6
  m_Component:
  - component: {fileID: 114468714}
  - component: {fileID: 114468717}
  - component: {fileID: 114468716}
  - component: {fileID: 114468715}
  m_Layer: 0
  m_Name: Cube (12)
  m_TagString: Untagged
  m_Icon: {fileID: 0}
  m_NavMeshLayer: 0
  m_StaticEditorFlags: 0
  m_IsActive: 1
--- !u!4 &114468714
Transform:
  m_ObjectHideFlags: 0
  m_CorrespondingSourceObject: {fileID: 0}
  m_PrefabInstance: {fileID: 0}
  m_PrefabAsset: {fileID: 0}
  m_GameObject: {fileID: 114468713}
  m_LocalRotation: {x: -0, y: -0, z: 0.70702034, w: 0.70719326}
  m_LocalPosition: {x: 67.17, y: -0.98, z: 0}
  m_LocalScale: {x: 1.3339003, y: 1.4895809, z: 2}
  m_Children: []
  m_Father: {fileID: 1309625023}
  m_RootOrder: 12
  m_LocalEulerAnglesHint: {x: 0, y: 0, z: 89.986}
--- !u!65 &114468715
BoxCollider:
  m_ObjectHideFlags: 0
  m_CorrespondingSourceObject: {fileID: 0}
  m_PrefabInstance: {fileID: 0}
  m_PrefabAsset: {fileID: 0}
  m_GameObject: {fileID: 114468713}
  m_Material: {fileID: 13400000, guid: dd18dc4ac24554a0badca3bef5a8c155, type: 2}
  m_IsTrigger: 0
  m_Enabled: 1
  serializedVersion: 2
  m_Size: {x: 1, y: 1, z: 1}
  m_Center: {x: 0, y: 0, z: 0}
--- !u!23 &114468716
MeshRenderer:
  m_ObjectHideFlags: 0
  m_CorrespondingSourceObject: {fileID: 0}
  m_PrefabInstance: {fileID: 0}
  m_PrefabAsset: {fileID: 0}
  m_GameObject: {fileID: 114468713}
  m_Enabled: 1
  m_CastShadows: 1
  m_ReceiveShadows: 1
  m_DynamicOccludee: 1
  m_MotionVectors: 1
  m_LightProbeUsage: 1
  m_ReflectionProbeUsage: 1
  m_RayTracingMode: 2
  m_RayTraceProcedural: 0
  m_RenderingLayerMask: 1
  m_RendererPriority: 0
  m_Materials:
  - {fileID: 2100000, guid: 5c13ff935b260447a861acd7df56ba6c, type: 2}
  m_StaticBatchInfo:
    firstSubMesh: 0
    subMeshCount: 0
  m_StaticBatchRoot: {fileID: 0}
  m_ProbeAnchor: {fileID: 0}
  m_LightProbeVolumeOverride: {fileID: 0}
  m_ScaleInLightmap: 1
  m_ReceiveGI: 1
  m_PreserveUVs: 0
  m_IgnoreNormalsForChartDetection: 0
  m_ImportantGI: 0
  m_StitchLightmapSeams: 1
  m_SelectedEditorRenderState: 3
  m_MinimumChartSize: 4
  m_AutoUVMaxDistance: 0.5
  m_AutoUVMaxAngle: 89
  m_LightmapParameters: {fileID: 0}
  m_SortingLayerID: 0
  m_SortingLayer: 0
  m_SortingOrder: 0
  m_AdditionalVertexStreams: {fileID: 0}
--- !u!33 &114468717
MeshFilter:
  m_ObjectHideFlags: 0
  m_CorrespondingSourceObject: {fileID: 0}
  m_PrefabInstance: {fileID: 0}
  m_PrefabAsset: {fileID: 0}
  m_GameObject: {fileID: 114468713}
  m_Mesh: {fileID: 10202, guid: 0000000000000000e000000000000000, type: 0}
--- !u!1 &268415865
GameObject:
  m_ObjectHideFlags: 0
  m_CorrespondingSourceObject: {fileID: 0}
  m_PrefabInstance: {fileID: 0}
  m_PrefabAsset: {fileID: 0}
  serializedVersion: 6
  m_Component:
  - component: {fileID: 268415866}
  - component: {fileID: 268415869}
  - component: {fileID: 268415868}
  - component: {fileID: 268415867}
  m_Layer: 0
  m_Name: Cube (4)
  m_TagString: Untagged
  m_Icon: {fileID: 0}
  m_NavMeshLayer: 0
  m_StaticEditorFlags: 0
  m_IsActive: 1
--- !u!4 &268415866
Transform:
  m_ObjectHideFlags: 0
  m_CorrespondingSourceObject: {fileID: 0}
  m_PrefabInstance: {fileID: 0}
  m_PrefabAsset: {fileID: 0}
  m_GameObject: {fileID: 268415865}
  m_LocalRotation: {x: 0, y: 0, z: 0, w: 1}
  m_LocalPosition: {x: 37.07, y: 2.72, z: 0}
  m_LocalScale: {x: 5.7888017, y: 9.957793, z: 2}
  m_Children: []
  m_Father: {fileID: 1309625023}
  m_RootOrder: 4
  m_LocalEulerAnglesHint: {x: 0, y: 0, z: 0}
--- !u!65 &268415867
BoxCollider:
  m_ObjectHideFlags: 0
  m_CorrespondingSourceObject: {fileID: 0}
  m_PrefabInstance: {fileID: 0}
  m_PrefabAsset: {fileID: 0}
  m_GameObject: {fileID: 268415865}
  m_Material: {fileID: 13400000, guid: dd18dc4ac24554a0badca3bef5a8c155, type: 2}
  m_IsTrigger: 0
  m_Enabled: 1
  serializedVersion: 2
  m_Size: {x: 1, y: 1, z: 1}
  m_Center: {x: 0, y: 0, z: 0}
--- !u!23 &268415868
MeshRenderer:
  m_ObjectHideFlags: 0
  m_CorrespondingSourceObject: {fileID: 0}
  m_PrefabInstance: {fileID: 0}
  m_PrefabAsset: {fileID: 0}
  m_GameObject: {fileID: 268415865}
  m_Enabled: 1
  m_CastShadows: 1
  m_ReceiveShadows: 1
  m_DynamicOccludee: 1
  m_MotionVectors: 1
  m_LightProbeUsage: 1
  m_ReflectionProbeUsage: 1
  m_RayTracingMode: 2
  m_RayTraceProcedural: 0
  m_RenderingLayerMask: 1
  m_RendererPriority: 0
  m_Materials:
  - {fileID: 2100000, guid: 5c13ff935b260447a861acd7df56ba6c, type: 2}
  m_StaticBatchInfo:
    firstSubMesh: 0
    subMeshCount: 0
  m_StaticBatchRoot: {fileID: 0}
  m_ProbeAnchor: {fileID: 0}
  m_LightProbeVolumeOverride: {fileID: 0}
  m_ScaleInLightmap: 1
  m_ReceiveGI: 1
  m_PreserveUVs: 0
  m_IgnoreNormalsForChartDetection: 0
  m_ImportantGI: 0
  m_StitchLightmapSeams: 1
  m_SelectedEditorRenderState: 3
  m_MinimumChartSize: 4
  m_AutoUVMaxDistance: 0.5
  m_AutoUVMaxAngle: 89
  m_LightmapParameters: {fileID: 0}
  m_SortingLayerID: 0
  m_SortingLayer: 0
  m_SortingOrder: 0
  m_AdditionalVertexStreams: {fileID: 0}
--- !u!33 &268415869
MeshFilter:
  m_ObjectHideFlags: 0
  m_CorrespondingSourceObject: {fileID: 0}
  m_PrefabInstance: {fileID: 0}
  m_PrefabAsset: {fileID: 0}
  m_GameObject: {fileID: 268415865}
  m_Mesh: {fileID: 10202, guid: 0000000000000000e000000000000000, type: 0}
--- !u!1 &366148935
GameObject:
  m_ObjectHideFlags: 0
  m_CorrespondingSourceObject: {fileID: 0}
  m_PrefabInstance: {fileID: 0}
  m_PrefabAsset: {fileID: 0}
  serializedVersion: 6
  m_Component:
  - component: {fileID: 366148936}
  - component: {fileID: 366148939}
  - component: {fileID: 366148938}
  - component: {fileID: 366148937}
  m_Layer: 0
  m_Name: Cube (10)
  m_TagString: Untagged
  m_Icon: {fileID: 0}
  m_NavMeshLayer: 0
  m_StaticEditorFlags: 0
  m_IsActive: 1
--- !u!4 &366148936
Transform:
  m_ObjectHideFlags: 0
  m_CorrespondingSourceObject: {fileID: 0}
  m_PrefabInstance: {fileID: 0}
  m_PrefabAsset: {fileID: 0}
  m_GameObject: {fileID: 366148935}
  m_LocalRotation: {x: 0, y: 0, z: 0, w: 1}
  m_LocalPosition: {x: 59.22, y: 10.1, z: 0}
  m_LocalScale: {x: 5.0713973, y: 18.592928, z: 2}
  m_Children: []
  m_Father: {fileID: 1309625023}
  m_RootOrder: 10
  m_LocalEulerAnglesHint: {x: 0, y: 0, z: 0}
--- !u!65 &366148937
BoxCollider:
  m_ObjectHideFlags: 0
  m_CorrespondingSourceObject: {fileID: 0}
  m_PrefabInstance: {fileID: 0}
  m_PrefabAsset: {fileID: 0}
  m_GameObject: {fileID: 366148935}
  m_Material: {fileID: 13400000, guid: dd18dc4ac24554a0badca3bef5a8c155, type: 2}
  m_IsTrigger: 0
  m_Enabled: 1
  serializedVersion: 2
  m_Size: {x: 1, y: 1, z: 1}
  m_Center: {x: 0, y: 0, z: 0}
--- !u!23 &366148938
MeshRenderer:
  m_ObjectHideFlags: 0
  m_CorrespondingSourceObject: {fileID: 0}
  m_PrefabInstance: {fileID: 0}
  m_PrefabAsset: {fileID: 0}
  m_GameObject: {fileID: 366148935}
  m_Enabled: 1
  m_CastShadows: 1
  m_ReceiveShadows: 1
  m_DynamicOccludee: 1
  m_MotionVectors: 1
  m_LightProbeUsage: 1
  m_ReflectionProbeUsage: 1
  m_RayTracingMode: 2
  m_RayTraceProcedural: 0
  m_RenderingLayerMask: 1
  m_RendererPriority: 0
  m_Materials:
  - {fileID: 2100000, guid: 5c13ff935b260447a861acd7df56ba6c, type: 2}
  m_StaticBatchInfo:
    firstSubMesh: 0
    subMeshCount: 0
  m_StaticBatchRoot: {fileID: 0}
  m_ProbeAnchor: {fileID: 0}
  m_LightProbeVolumeOverride: {fileID: 0}
  m_ScaleInLightmap: 1
  m_ReceiveGI: 1
  m_PreserveUVs: 0
  m_IgnoreNormalsForChartDetection: 0
  m_ImportantGI: 0
  m_StitchLightmapSeams: 1
  m_SelectedEditorRenderState: 3
  m_MinimumChartSize: 4
  m_AutoUVMaxDistance: 0.5
  m_AutoUVMaxAngle: 89
  m_LightmapParameters: {fileID: 0}
  m_SortingLayerID: 0
  m_SortingLayer: 0
  m_SortingOrder: 0
  m_AdditionalVertexStreams: {fileID: 0}
--- !u!33 &366148939
MeshFilter:
  m_ObjectHideFlags: 0
  m_CorrespondingSourceObject: {fileID: 0}
  m_PrefabInstance: {fileID: 0}
  m_PrefabAsset: {fileID: 0}
  m_GameObject: {fileID: 366148935}
  m_Mesh: {fileID: 10202, guid: 0000000000000000e000000000000000, type: 0}
--- !u!114 &414975620 stripped
MonoBehaviour:
  m_CorrespondingSourceObject: {fileID: 3787132518091917344, guid: 121f86fb39eee44fab4c667b07955a56, type: 3}
  m_PrefabInstance: {fileID: 1659233203}
  m_PrefabAsset: {fileID: 0}
  m_GameObject: {fileID: 0}
  m_Enabled: 1
  m_EditorHideFlags: 0
  m_Script: {fileID: 11500000, guid: 5f7201a12d95ffc409449d95f23cf332, type: 3}
  m_Name: 
  m_EditorClassIdentifier: 
--- !u!1001 &418920274
PrefabInstance:
  m_ObjectHideFlags: 0
  serializedVersion: 2
  m_Modification:
    m_TransformParent: {fileID: 0}
    m_Modifications:
    - target: {fileID: 3889076533995712753, guid: 8e8b722cbdccc471ea56ddf74f3ed7de, type: 3}
      propertyPath: m_RootOrder
      value: 1
      objectReference: {fileID: 0}
    - target: {fileID: 3889076533995712753, guid: 8e8b722cbdccc471ea56ddf74f3ed7de, type: 3}
      propertyPath: m_LocalPosition.x
      value: 0
      objectReference: {fileID: 0}
    - target: {fileID: 3889076533995712753, guid: 8e8b722cbdccc471ea56ddf74f3ed7de, type: 3}
      propertyPath: m_LocalPosition.y
      value: 3
      objectReference: {fileID: 0}
    - target: {fileID: 3889076533995712753, guid: 8e8b722cbdccc471ea56ddf74f3ed7de, type: 3}
      propertyPath: m_LocalPosition.z
      value: 0
      objectReference: {fileID: 0}
    - target: {fileID: 3889076533995712753, guid: 8e8b722cbdccc471ea56ddf74f3ed7de, type: 3}
      propertyPath: m_LocalRotation.w
      value: 0.78665394
      objectReference: {fileID: 0}
    - target: {fileID: 3889076533995712753, guid: 8e8b722cbdccc471ea56ddf74f3ed7de, type: 3}
      propertyPath: m_LocalRotation.x
      value: 0.2616849
      objectReference: {fileID: 0}
    - target: {fileID: 3889076533995712753, guid: 8e8b722cbdccc471ea56ddf74f3ed7de, type: 3}
      propertyPath: m_LocalRotation.y
      value: 0.5306048
      objectReference: {fileID: 0}
    - target: {fileID: 3889076533995712753, guid: 8e8b722cbdccc471ea56ddf74f3ed7de, type: 3}
      propertyPath: m_LocalRotation.z
      value: -0.17650868
      objectReference: {fileID: 0}
    - target: {fileID: 3889076533995712753, guid: 8e8b722cbdccc471ea56ddf74f3ed7de, type: 3}
      propertyPath: m_LocalEulerAnglesHint.x
      value: 36.8
      objectReference: {fileID: 0}
    - target: {fileID: 3889076533995712753, guid: 8e8b722cbdccc471ea56ddf74f3ed7de, type: 3}
      propertyPath: m_LocalEulerAnglesHint.y
      value: 68
      objectReference: {fileID: 0}
    - target: {fileID: 3889076533995712753, guid: 8e8b722cbdccc471ea56ddf74f3ed7de, type: 3}
      propertyPath: m_LocalEulerAnglesHint.z
      value: 0
      objectReference: {fileID: 0}
    - target: {fileID: 3889076533995712755, guid: 8e8b722cbdccc471ea56ddf74f3ed7de, type: 3}
      propertyPath: m_Name
      value: Light
      objectReference: {fileID: 0}
    m_RemovedComponents: []
  m_SourcePrefab: {fileID: 100100000, guid: 8e8b722cbdccc471ea56ddf74f3ed7de, type: 3}
--- !u!1 &476960973
GameObject:
  m_ObjectHideFlags: 0
  m_CorrespondingSourceObject: {fileID: 0}
  m_PrefabInstance: {fileID: 0}
  m_PrefabAsset: {fileID: 0}
  serializedVersion: 6
  m_Component:
  - component: {fileID: 476960974}
  - component: {fileID: 476960977}
  - component: {fileID: 476960976}
  - component: {fileID: 476960975}
  m_Layer: 0
  m_Name: Cube (6)
  m_TagString: Untagged
  m_Icon: {fileID: 0}
  m_NavMeshLayer: 0
  m_StaticEditorFlags: 0
  m_IsActive: 1
--- !u!4 &476960974
Transform:
  m_ObjectHideFlags: 0
  m_CorrespondingSourceObject: {fileID: 0}
  m_PrefabInstance: {fileID: 0}
  m_PrefabAsset: {fileID: 0}
  m_GameObject: {fileID: 476960973}
  m_LocalRotation: {x: 0, y: 0, z: 0, w: 1}
  m_LocalPosition: {x: 46.99, y: 1.53, z: 0}
  m_LocalScale: {x: 1.3339003, y: 0.4040089, z: 2}
  m_Children: []
  m_Father: {fileID: 1309625023}
  m_RootOrder: 6
  m_LocalEulerAnglesHint: {x: 0, y: 0, z: 0}
--- !u!65 &476960975
BoxCollider:
  m_ObjectHideFlags: 0
  m_CorrespondingSourceObject: {fileID: 0}
  m_PrefabInstance: {fileID: 0}
  m_PrefabAsset: {fileID: 0}
  m_GameObject: {fileID: 476960973}
  m_Material: {fileID: 13400000, guid: dd18dc4ac24554a0badca3bef5a8c155, type: 2}
  m_IsTrigger: 0
  m_Enabled: 1
  serializedVersion: 2
  m_Size: {x: 1, y: 1, z: 1}
  m_Center: {x: 0, y: 0, z: 0}
--- !u!23 &476960976
MeshRenderer:
  m_ObjectHideFlags: 0
  m_CorrespondingSourceObject: {fileID: 0}
  m_PrefabInstance: {fileID: 0}
  m_PrefabAsset: {fileID: 0}
  m_GameObject: {fileID: 476960973}
  m_Enabled: 1
  m_CastShadows: 1
  m_ReceiveShadows: 1
  m_DynamicOccludee: 1
  m_MotionVectors: 1
  m_LightProbeUsage: 1
  m_ReflectionProbeUsage: 1
  m_RayTracingMode: 2
  m_RayTraceProcedural: 0
  m_RenderingLayerMask: 1
  m_RendererPriority: 0
  m_Materials:
  - {fileID: 2100000, guid: 5c13ff935b260447a861acd7df56ba6c, type: 2}
  m_StaticBatchInfo:
    firstSubMesh: 0
    subMeshCount: 0
  m_StaticBatchRoot: {fileID: 0}
  m_ProbeAnchor: {fileID: 0}
  m_LightProbeVolumeOverride: {fileID: 0}
  m_ScaleInLightmap: 1
  m_ReceiveGI: 1
  m_PreserveUVs: 0
  m_IgnoreNormalsForChartDetection: 0
  m_ImportantGI: 0
  m_StitchLightmapSeams: 1
  m_SelectedEditorRenderState: 3
  m_MinimumChartSize: 4
  m_AutoUVMaxDistance: 0.5
  m_AutoUVMaxAngle: 89
  m_LightmapParameters: {fileID: 0}
  m_SortingLayerID: 0
  m_SortingLayer: 0
  m_SortingOrder: 0
  m_AdditionalVertexStreams: {fileID: 0}
--- !u!33 &476960977
MeshFilter:
  m_ObjectHideFlags: 0
  m_CorrespondingSourceObject: {fileID: 0}
  m_PrefabInstance: {fileID: 0}
  m_PrefabAsset: {fileID: 0}
  m_GameObject: {fileID: 476960973}
  m_Mesh: {fileID: 10202, guid: 0000000000000000e000000000000000, type: 0}
--- !u!1 &580577930
GameObject:
  m_ObjectHideFlags: 0
  m_CorrespondingSourceObject: {fileID: 0}
  m_PrefabInstance: {fileID: 0}
  m_PrefabAsset: {fileID: 0}
  serializedVersion: 6
  m_Component:
  - component: {fileID: 580577931}
  - component: {fileID: 580577934}
  - component: {fileID: 580577933}
  - component: {fileID: 580577932}
  m_Layer: 0
  m_Name: Cube (5)
  m_TagString: Untagged
  m_Icon: {fileID: 0}
  m_NavMeshLayer: 0
  m_StaticEditorFlags: 0
  m_IsActive: 1
--- !u!4 &580577931
Transform:
  m_ObjectHideFlags: 0
  m_CorrespondingSourceObject: {fileID: 0}
  m_PrefabInstance: {fileID: 0}
  m_PrefabAsset: {fileID: 0}
  m_GameObject: {fileID: 580577930}
  m_LocalRotation: {x: 0, y: 0, z: 0, w: 1}
  m_LocalPosition: {x: 44.13, y: 8.95, z: 0}
  m_LocalScale: {x: 5.0713973, y: 17.64909, z: 2}
  m_Children: []
  m_Father: {fileID: 1309625023}
  m_RootOrder: 5
  m_LocalEulerAnglesHint: {x: 0, y: 0, z: 0}
--- !u!65 &580577932
BoxCollider:
  m_ObjectHideFlags: 0
  m_CorrespondingSourceObject: {fileID: 0}
  m_PrefabInstance: {fileID: 0}
  m_PrefabAsset: {fileID: 0}
  m_GameObject: {fileID: 580577930}
  m_Material: {fileID: 13400000, guid: dd18dc4ac24554a0badca3bef5a8c155, type: 2}
  m_IsTrigger: 0
  m_Enabled: 1
  serializedVersion: 2
  m_Size: {x: 1, y: 1, z: 1}
  m_Center: {x: 0, y: 0, z: 0}
--- !u!23 &580577933
MeshRenderer:
  m_ObjectHideFlags: 0
  m_CorrespondingSourceObject: {fileID: 0}
  m_PrefabInstance: {fileID: 0}
  m_PrefabAsset: {fileID: 0}
  m_GameObject: {fileID: 580577930}
  m_Enabled: 1
  m_CastShadows: 1
  m_ReceiveShadows: 1
  m_DynamicOccludee: 1
  m_MotionVectors: 1
  m_LightProbeUsage: 1
  m_ReflectionProbeUsage: 1
  m_RayTracingMode: 2
  m_RayTraceProcedural: 0
  m_RenderingLayerMask: 1
  m_RendererPriority: 0
  m_Materials:
  - {fileID: 2100000, guid: 5c13ff935b260447a861acd7df56ba6c, type: 2}
  m_StaticBatchInfo:
    firstSubMesh: 0
    subMeshCount: 0
  m_StaticBatchRoot: {fileID: 0}
  m_ProbeAnchor: {fileID: 0}
  m_LightProbeVolumeOverride: {fileID: 0}
  m_ScaleInLightmap: 1
  m_ReceiveGI: 1
  m_PreserveUVs: 0
  m_IgnoreNormalsForChartDetection: 0
  m_ImportantGI: 0
  m_StitchLightmapSeams: 1
  m_SelectedEditorRenderState: 3
  m_MinimumChartSize: 4
  m_AutoUVMaxDistance: 0.5
  m_AutoUVMaxAngle: 89
  m_LightmapParameters: {fileID: 0}
  m_SortingLayerID: 0
  m_SortingLayer: 0
  m_SortingOrder: 0
  m_AdditionalVertexStreams: {fileID: 0}
--- !u!33 &580577934
MeshFilter:
  m_ObjectHideFlags: 0
  m_CorrespondingSourceObject: {fileID: 0}
  m_PrefabInstance: {fileID: 0}
  m_PrefabAsset: {fileID: 0}
  m_GameObject: {fileID: 580577930}
  m_Mesh: {fileID: 10202, guid: 0000000000000000e000000000000000, type: 0}
--- !u!1001 &604329559
PrefabInstance:
  m_ObjectHideFlags: 0
  serializedVersion: 2
  m_Modification:
    m_TransformParent: {fileID: 1726635536}
    m_Modifications:
    - target: {fileID: 1611373715402337260, guid: 69347ec506edf4a1fa75d528d6403166, type: 3}
      propertyPath: m_RootOrder
      value: 1
      objectReference: {fileID: 0}
    - target: {fileID: 1611373715402337260, guid: 69347ec506edf4a1fa75d528d6403166, type: 3}
      propertyPath: m_LocalScale.x
      value: -0.24209912
      objectReference: {fileID: 0}
    - target: {fileID: 1611373715402337260, guid: 69347ec506edf4a1fa75d528d6403166, type: 3}
      propertyPath: m_LocalScale.y
      value: 3.8637
      objectReference: {fileID: 0}
    - target: {fileID: 1611373715402337260, guid: 69347ec506edf4a1fa75d528d6403166, type: 3}
      propertyPath: m_LocalScale.z
      value: 1.9
      objectReference: {fileID: 0}
    - target: {fileID: 1611373715402337260, guid: 69347ec506edf4a1fa75d528d6403166, type: 3}
      propertyPath: m_LocalPosition.x
      value: 50.14
      objectReference: {fileID: 0}
    - target: {fileID: 1611373715402337260, guid: 69347ec506edf4a1fa75d528d6403166, type: 3}
      propertyPath: m_LocalPosition.y
      value: 0.89
      objectReference: {fileID: 0}
    - target: {fileID: 1611373715402337260, guid: 69347ec506edf4a1fa75d528d6403166, type: 3}
      propertyPath: m_LocalPosition.z
      value: 0
      objectReference: {fileID: 0}
    - target: {fileID: 1611373715402337260, guid: 69347ec506edf4a1fa75d528d6403166, type: 3}
      propertyPath: m_LocalRotation.w
      value: 1
      objectReference: {fileID: 0}
    - target: {fileID: 1611373715402337260, guid: 69347ec506edf4a1fa75d528d6403166, type: 3}
      propertyPath: m_LocalRotation.x
      value: -0
      objectReference: {fileID: 0}
    - target: {fileID: 1611373715402337260, guid: 69347ec506edf4a1fa75d528d6403166, type: 3}
      propertyPath: m_LocalRotation.y
      value: -0
      objectReference: {fileID: 0}
    - target: {fileID: 1611373715402337260, guid: 69347ec506edf4a1fa75d528d6403166, type: 3}
      propertyPath: m_LocalRotation.z
      value: -0
      objectReference: {fileID: 0}
    - target: {fileID: 1611373715402337260, guid: 69347ec506edf4a1fa75d528d6403166, type: 3}
      propertyPath: m_LocalEulerAnglesHint.x
      value: 0
      objectReference: {fileID: 0}
    - target: {fileID: 1611373715402337260, guid: 69347ec506edf4a1fa75d528d6403166, type: 3}
      propertyPath: m_LocalEulerAnglesHint.y
      value: 0
      objectReference: {fileID: 0}
    - target: {fileID: 1611373715402337260, guid: 69347ec506edf4a1fa75d528d6403166, type: 3}
      propertyPath: m_LocalEulerAnglesHint.z
      value: 0
      objectReference: {fileID: 0}
    - target: {fileID: 3700365744653131959, guid: 69347ec506edf4a1fa75d528d6403166, type: 3}
      propertyPath: m_Name
      value: Lava  (1)
      objectReference: {fileID: 0}
    m_RemovedComponents: []
  m_SourcePrefab: {fileID: 100100000, guid: 69347ec506edf4a1fa75d528d6403166, type: 3}
--- !u!4 &604329560 stripped
Transform:
  m_CorrespondingSourceObject: {fileID: 1611373715402337260, guid: 69347ec506edf4a1fa75d528d6403166, type: 3}
  m_PrefabInstance: {fileID: 604329559}
  m_PrefabAsset: {fileID: 0}
--- !u!1 &660055456
GameObject:
  m_ObjectHideFlags: 0
  m_CorrespondingSourceObject: {fileID: 0}
  m_PrefabInstance: {fileID: 0}
  m_PrefabAsset: {fileID: 0}
  serializedVersion: 6
  m_Component:
  - component: {fileID: 660055457}
  - component: {fileID: 660055460}
  - component: {fileID: 660055459}
  - component: {fileID: 660055458}
  m_Layer: 0
  m_Name: Cube (1)
  m_TagString: Untagged
  m_Icon: {fileID: 0}
  m_NavMeshLayer: 0
  m_StaticEditorFlags: 0
  m_IsActive: 1
--- !u!4 &660055457
Transform:
  m_ObjectHideFlags: 0
  m_CorrespondingSourceObject: {fileID: 0}
  m_PrefabInstance: {fileID: 0}
  m_PrefabAsset: {fileID: 0}
  m_GameObject: {fileID: 660055456}
  m_LocalRotation: {x: 0, y: 0, z: 0, w: 1}
  m_LocalPosition: {x: 14.25, y: 2.37, z: 0}
  m_LocalScale: {x: 3.3277, y: 0.4040089, z: 2}
  m_Children: []
  m_Father: {fileID: 1309625023}
  m_RootOrder: 1
  m_LocalEulerAnglesHint: {x: 0, y: 0, z: 0}
--- !u!65 &660055458
BoxCollider:
  m_ObjectHideFlags: 0
  m_CorrespondingSourceObject: {fileID: 0}
  m_PrefabInstance: {fileID: 0}
  m_PrefabAsset: {fileID: 0}
  m_GameObject: {fileID: 660055456}
  m_Material: {fileID: 13400000, guid: dd18dc4ac24554a0badca3bef5a8c155, type: 2}
  m_IsTrigger: 0
  m_Enabled: 1
  serializedVersion: 2
  m_Size: {x: 1, y: 1, z: 1}
  m_Center: {x: 0, y: 0, z: 0}
--- !u!23 &660055459
MeshRenderer:
  m_ObjectHideFlags: 0
  m_CorrespondingSourceObject: {fileID: 0}
  m_PrefabInstance: {fileID: 0}
  m_PrefabAsset: {fileID: 0}
  m_GameObject: {fileID: 660055456}
  m_Enabled: 1
  m_CastShadows: 1
  m_ReceiveShadows: 1
  m_DynamicOccludee: 1
  m_MotionVectors: 1
  m_LightProbeUsage: 1
  m_ReflectionProbeUsage: 1
  m_RayTracingMode: 2
  m_RayTraceProcedural: 0
  m_RenderingLayerMask: 1
  m_RendererPriority: 0
  m_Materials:
  - {fileID: 2100000, guid: 5c13ff935b260447a861acd7df56ba6c, type: 2}
  m_StaticBatchInfo:
    firstSubMesh: 0
    subMeshCount: 0
  m_StaticBatchRoot: {fileID: 0}
  m_ProbeAnchor: {fileID: 0}
  m_LightProbeVolumeOverride: {fileID: 0}
  m_ScaleInLightmap: 1
  m_ReceiveGI: 1
  m_PreserveUVs: 0
  m_IgnoreNormalsForChartDetection: 0
  m_ImportantGI: 0
  m_StitchLightmapSeams: 1
  m_SelectedEditorRenderState: 3
  m_MinimumChartSize: 4
  m_AutoUVMaxDistance: 0.5
  m_AutoUVMaxAngle: 89
  m_LightmapParameters: {fileID: 0}
  m_SortingLayerID: 0
  m_SortingLayer: 0
  m_SortingOrder: 0
  m_AdditionalVertexStreams: {fileID: 0}
--- !u!33 &660055460
MeshFilter:
  m_ObjectHideFlags: 0
  m_CorrespondingSourceObject: {fileID: 0}
  m_PrefabInstance: {fileID: 0}
  m_PrefabAsset: {fileID: 0}
  m_GameObject: {fileID: 660055456}
  m_Mesh: {fileID: 10202, guid: 0000000000000000e000000000000000, type: 0}
--- !u!1001 &808777001
PrefabInstance:
  m_ObjectHideFlags: 0
  serializedVersion: 2
  m_Modification:
    m_TransformParent: {fileID: 1072210415}
    m_Modifications:
    - target: {fileID: 747049159031288287, guid: 29bbcad1aec454191b36de1f52bd2a67, type: 3}
      propertyPath: m_RootOrder
      value: 0
      objectReference: {fileID: 0}
    - target: {fileID: 747049159031288287, guid: 29bbcad1aec454191b36de1f52bd2a67, type: 3}
      propertyPath: m_LocalPosition.x
      value: 84.9
      objectReference: {fileID: 0}
    - target: {fileID: 747049159031288287, guid: 29bbcad1aec454191b36de1f52bd2a67, type: 3}
      propertyPath: m_LocalPosition.y
      value: -1.16
      objectReference: {fileID: 0}
    - target: {fileID: 747049159031288287, guid: 29bbcad1aec454191b36de1f52bd2a67, type: 3}
      propertyPath: m_LocalPosition.z
      value: 0
      objectReference: {fileID: 0}
    - target: {fileID: 747049159031288287, guid: 29bbcad1aec454191b36de1f52bd2a67, type: 3}
      propertyPath: m_LocalRotation.w
      value: 1
      objectReference: {fileID: 0}
    - target: {fileID: 747049159031288287, guid: 29bbcad1aec454191b36de1f52bd2a67, type: 3}
      propertyPath: m_LocalRotation.x
      value: 0
      objectReference: {fileID: 0}
    - target: {fileID: 747049159031288287, guid: 29bbcad1aec454191b36de1f52bd2a67, type: 3}
      propertyPath: m_LocalRotation.y
      value: 0
      objectReference: {fileID: 0}
    - target: {fileID: 747049159031288287, guid: 29bbcad1aec454191b36de1f52bd2a67, type: 3}
      propertyPath: m_LocalRotation.z
      value: 0
      objectReference: {fileID: 0}
    - target: {fileID: 747049159031288287, guid: 29bbcad1aec454191b36de1f52bd2a67, type: 3}
      propertyPath: m_LocalEulerAnglesHint.x
      value: 0
      objectReference: {fileID: 0}
    - target: {fileID: 747049159031288287, guid: 29bbcad1aec454191b36de1f52bd2a67, type: 3}
      propertyPath: m_LocalEulerAnglesHint.y
      value: 0
      objectReference: {fileID: 0}
    - target: {fileID: 747049159031288287, guid: 29bbcad1aec454191b36de1f52bd2a67, type: 3}
      propertyPath: m_LocalEulerAnglesHint.z
      value: 0
      objectReference: {fileID: 0}
    - target: {fileID: 2265413072658640561, guid: 29bbcad1aec454191b36de1f52bd2a67, type: 3}
      propertyPath: m_Name
      value: GoalGate
      objectReference: {fileID: 0}
    - target: {fileID: 2597408323790276531, guid: 29bbcad1aec454191b36de1f52bd2a67, type: 3}
      propertyPath: m_LocalScale.y
      value: 20.586
      objectReference: {fileID: 0}
    - target: {fileID: 2597408323790276531, guid: 29bbcad1aec454191b36de1f52bd2a67, type: 3}
      propertyPath: m_LocalPosition.y
      value: -6.799999
      objectReference: {fileID: 0}
    - target: {fileID: 5042224934265451239, guid: 29bbcad1aec454191b36de1f52bd2a67, type: 3}
      propertyPath: m_Enabled
      value: 1
      objectReference: {fileID: 0}
    - target: {fileID: 6346898158612016005, guid: 29bbcad1aec454191b36de1f52bd2a67, type: 3}
      propertyPath: m_LocalScale.y
      value: 20.586
      objectReference: {fileID: 0}
    - target: {fileID: 6346898158612016005, guid: 29bbcad1aec454191b36de1f52bd2a67, type: 3}
      propertyPath: m_LocalPosition.y
      value: -6.8
      objectReference: {fileID: 0}
    - target: {fileID: 9152580113955539113, guid: 29bbcad1aec454191b36de1f52bd2a67, type: 3}
      propertyPath: m_IsTrigger
      value: 0
      objectReference: {fileID: 0}
    m_RemovedComponents: []
  m_SourcePrefab: {fileID: 100100000, guid: 29bbcad1aec454191b36de1f52bd2a67, type: 3}
--- !u!1001 &839310435
PrefabInstance:
  m_ObjectHideFlags: 0
  serializedVersion: 2
  m_Modification:
    m_TransformParent: {fileID: 1726635536}
    m_Modifications:
    - target: {fileID: 1611373715402337260, guid: 69347ec506edf4a1fa75d528d6403166, type: 3}
      propertyPath: m_RootOrder
      value: 0
      objectReference: {fileID: 0}
    - target: {fileID: 1611373715402337260, guid: 69347ec506edf4a1fa75d528d6403166, type: 3}
      propertyPath: m_LocalScale.x
      value: 23.725903
      objectReference: {fileID: 0}
    - target: {fileID: 1611373715402337260, guid: 69347ec506edf4a1fa75d528d6403166, type: 3}
      propertyPath: m_LocalScale.z
      value: 1.9
      objectReference: {fileID: 0}
    - target: {fileID: 1611373715402337260, guid: 69347ec506edf4a1fa75d528d6403166, type: 3}
      propertyPath: m_LocalPosition.x
      value: 22.67
      objectReference: {fileID: 0}
    - target: {fileID: 1611373715402337260, guid: 69347ec506edf4a1fa75d528d6403166, type: 3}
      propertyPath: m_LocalPosition.y
      value: -1.54
      objectReference: {fileID: 0}
    - target: {fileID: 1611373715402337260, guid: 69347ec506edf4a1fa75d528d6403166, type: 3}
      propertyPath: m_LocalPosition.z
      value: 0
      objectReference: {fileID: 0}
    - target: {fileID: 1611373715402337260, guid: 69347ec506edf4a1fa75d528d6403166, type: 3}
      propertyPath: m_LocalRotation.w
      value: 1
      objectReference: {fileID: 0}
    - target: {fileID: 1611373715402337260, guid: 69347ec506edf4a1fa75d528d6403166, type: 3}
      propertyPath: m_LocalRotation.x
      value: -0
      objectReference: {fileID: 0}
    - target: {fileID: 1611373715402337260, guid: 69347ec506edf4a1fa75d528d6403166, type: 3}
      propertyPath: m_LocalRotation.y
      value: -0
      objectReference: {fileID: 0}
    - target: {fileID: 1611373715402337260, guid: 69347ec506edf4a1fa75d528d6403166, type: 3}
      propertyPath: m_LocalRotation.z
      value: -0
      objectReference: {fileID: 0}
    - target: {fileID: 1611373715402337260, guid: 69347ec506edf4a1fa75d528d6403166, type: 3}
      propertyPath: m_LocalEulerAnglesHint.x
      value: 0
      objectReference: {fileID: 0}
    - target: {fileID: 1611373715402337260, guid: 69347ec506edf4a1fa75d528d6403166, type: 3}
      propertyPath: m_LocalEulerAnglesHint.y
      value: 0
      objectReference: {fileID: 0}
    - target: {fileID: 1611373715402337260, guid: 69347ec506edf4a1fa75d528d6403166, type: 3}
      propertyPath: m_LocalEulerAnglesHint.z
      value: 0
      objectReference: {fileID: 0}
    - target: {fileID: 3700365744653131959, guid: 69347ec506edf4a1fa75d528d6403166, type: 3}
      propertyPath: m_Name
      value: 'Lava '
      objectReference: {fileID: 0}
    m_RemovedComponents: []
  m_SourcePrefab: {fileID: 100100000, guid: 69347ec506edf4a1fa75d528d6403166, type: 3}
--- !u!4 &839310436 stripped
Transform:
  m_CorrespondingSourceObject: {fileID: 1611373715402337260, guid: 69347ec506edf4a1fa75d528d6403166, type: 3}
  m_PrefabInstance: {fileID: 839310435}
  m_PrefabAsset: {fileID: 0}
--- !u!1 &1072210414
GameObject:
  m_ObjectHideFlags: 0
  m_CorrespondingSourceObject: {fileID: 0}
  m_PrefabInstance: {fileID: 0}
  m_PrefabAsset: {fileID: 0}
  serializedVersion: 6
  m_Component:
  - component: {fileID: 1072210415}
  m_Layer: 0
  m_Name: Terrain
  m_TagString: Untagged
  m_Icon: {fileID: 0}
  m_NavMeshLayer: 0
  m_StaticEditorFlags: 0
  m_IsActive: 1
--- !u!4 &1072210415
Transform:
  m_ObjectHideFlags: 0
  m_CorrespondingSourceObject: {fileID: 0}
  m_PrefabInstance: {fileID: 0}
  m_PrefabAsset: {fileID: 0}
  m_GameObject: {fileID: 1072210414}
  m_LocalRotation: {x: 0, y: 0, z: 0, w: 1}
  m_LocalPosition: {x: 0, y: 0, z: 0}
  m_LocalScale: {x: 1, y: 1, z: 1}
  m_Children:
  - {fileID: 1968698144}
  - {fileID: 26043754}
  - {fileID: 1963787968}
  m_Father: {fileID: 0}
  m_RootOrder: 4
  m_LocalEulerAnglesHint: {x: 0, y: 0, z: 0}
--- !u!1 &1108282235
GameObject:
  m_ObjectHideFlags: 0
  m_CorrespondingSourceObject: {fileID: 0}
  m_PrefabInstance: {fileID: 0}
  m_PrefabAsset: {fileID: 0}
  serializedVersion: 6
  m_Component:
  - component: {fileID: 1108282236}
  - component: {fileID: 1108282239}
  - component: {fileID: 1108282238}
  - component: {fileID: 1108282237}
  m_Layer: 0
  m_Name: Cube (2)
  m_TagString: Untagged
  m_Icon: {fileID: 0}
  m_NavMeshLayer: 0
  m_StaticEditorFlags: 0
  m_IsActive: 1
--- !u!4 &1108282236
Transform:
  m_ObjectHideFlags: 0
  m_CorrespondingSourceObject: {fileID: 0}
  m_PrefabInstance: {fileID: 0}
  m_PrefabAsset: {fileID: 0}
  m_GameObject: {fileID: 1108282235}
  m_LocalRotation: {x: 0, y: 0, z: 0, w: 1}
  m_LocalPosition: {x: 21.61, y: 4.39, z: 0}
  m_LocalScale: {x: 2.896, y: 0.4040089, z: 2}
  m_Children: []
  m_Father: {fileID: 1309625023}
  m_RootOrder: 2
  m_LocalEulerAnglesHint: {x: 0, y: 0, z: 0}
--- !u!65 &1108282237
BoxCollider:
  m_ObjectHideFlags: 0
  m_CorrespondingSourceObject: {fileID: 0}
  m_PrefabInstance: {fileID: 0}
  m_PrefabAsset: {fileID: 0}
  m_GameObject: {fileID: 1108282235}
  m_Material: {fileID: 13400000, guid: dd18dc4ac24554a0badca3bef5a8c155, type: 2}
  m_IsTrigger: 0
  m_Enabled: 1
  serializedVersion: 2
  m_Size: {x: 1, y: 1, z: 1}
  m_Center: {x: 0, y: 0, z: 0}
--- !u!23 &1108282238
MeshRenderer:
  m_ObjectHideFlags: 0
  m_CorrespondingSourceObject: {fileID: 0}
  m_PrefabInstance: {fileID: 0}
  m_PrefabAsset: {fileID: 0}
  m_GameObject: {fileID: 1108282235}
  m_Enabled: 1
  m_CastShadows: 1
  m_ReceiveShadows: 1
  m_DynamicOccludee: 1
  m_MotionVectors: 1
  m_LightProbeUsage: 1
  m_ReflectionProbeUsage: 1
  m_RayTracingMode: 2
  m_RayTraceProcedural: 0
  m_RenderingLayerMask: 1
  m_RendererPriority: 0
  m_Materials:
  - {fileID: 2100000, guid: 5c13ff935b260447a861acd7df56ba6c, type: 2}
  m_StaticBatchInfo:
    firstSubMesh: 0
    subMeshCount: 0
  m_StaticBatchRoot: {fileID: 0}
  m_ProbeAnchor: {fileID: 0}
  m_LightProbeVolumeOverride: {fileID: 0}
  m_ScaleInLightmap: 1
  m_ReceiveGI: 1
  m_PreserveUVs: 0
  m_IgnoreNormalsForChartDetection: 0
  m_ImportantGI: 0
  m_StitchLightmapSeams: 1
  m_SelectedEditorRenderState: 3
  m_MinimumChartSize: 4
  m_AutoUVMaxDistance: 0.5
  m_AutoUVMaxAngle: 89
  m_LightmapParameters: {fileID: 0}
  m_SortingLayerID: 0
  m_SortingLayer: 0
  m_SortingOrder: 0
  m_AdditionalVertexStreams: {fileID: 0}
--- !u!33 &1108282239
MeshFilter:
  m_ObjectHideFlags: 0
  m_CorrespondingSourceObject: {fileID: 0}
  m_PrefabInstance: {fileID: 0}
  m_PrefabAsset: {fileID: 0}
  m_GameObject: {fileID: 1108282235}
  m_Mesh: {fileID: 10202, guid: 0000000000000000e000000000000000, type: 0}
--- !u!1 &1133005342
GameObject:
  m_ObjectHideFlags: 0
  m_CorrespondingSourceObject: {fileID: 0}
  m_PrefabInstance: {fileID: 0}
  m_PrefabAsset: {fileID: 0}
  serializedVersion: 6
  m_Component:
  - component: {fileID: 1133005343}
  - component: {fileID: 1133005346}
  - component: {fileID: 1133005345}
  - component: {fileID: 1133005344}
  m_Layer: 0
  m_Name: Cube (8)
  m_TagString: Untagged
  m_Icon: {fileID: 0}
  m_NavMeshLayer: 0
  m_StaticEditorFlags: 0
  m_IsActive: 1
--- !u!4 &1133005343
Transform:
  m_ObjectHideFlags: 0
  m_CorrespondingSourceObject: {fileID: 0}
  m_PrefabInstance: {fileID: 0}
  m_PrefabAsset: {fileID: 0}
  m_GameObject: {fileID: 1133005342}
  m_LocalRotation: {x: 0, y: 0, z: 0, w: 1}
  m_LocalPosition: {x: 49.91, y: 3.56, z: 0}
  m_LocalScale: {x: 1.3339003, y: 0.4040089, z: 2}
  m_Children: []
  m_Father: {fileID: 1309625023}
  m_RootOrder: 8
  m_LocalEulerAnglesHint: {x: 0, y: 0, z: 0}
--- !u!65 &1133005344
BoxCollider:
  m_ObjectHideFlags: 0
  m_CorrespondingSourceObject: {fileID: 0}
  m_PrefabInstance: {fileID: 0}
  m_PrefabAsset: {fileID: 0}
  m_GameObject: {fileID: 1133005342}
  m_Material: {fileID: 13400000, guid: dd18dc4ac24554a0badca3bef5a8c155, type: 2}
  m_IsTrigger: 0
  m_Enabled: 1
  serializedVersion: 2
  m_Size: {x: 1, y: 1, z: 1}
  m_Center: {x: 0, y: 0, z: 0}
--- !u!23 &1133005345
MeshRenderer:
  m_ObjectHideFlags: 0
  m_CorrespondingSourceObject: {fileID: 0}
  m_PrefabInstance: {fileID: 0}
  m_PrefabAsset: {fileID: 0}
  m_GameObject: {fileID: 1133005342}
  m_Enabled: 1
  m_CastShadows: 1
  m_ReceiveShadows: 1
  m_DynamicOccludee: 1
  m_MotionVectors: 1
  m_LightProbeUsage: 1
  m_ReflectionProbeUsage: 1
  m_RayTracingMode: 2
  m_RayTraceProcedural: 0
  m_RenderingLayerMask: 1
  m_RendererPriority: 0
  m_Materials:
  - {fileID: 2100000, guid: 5c13ff935b260447a861acd7df56ba6c, type: 2}
  m_StaticBatchInfo:
    firstSubMesh: 0
    subMeshCount: 0
  m_StaticBatchRoot: {fileID: 0}
  m_ProbeAnchor: {fileID: 0}
  m_LightProbeVolumeOverride: {fileID: 0}
  m_ScaleInLightmap: 1
  m_ReceiveGI: 1
  m_PreserveUVs: 0
  m_IgnoreNormalsForChartDetection: 0
  m_ImportantGI: 0
  m_StitchLightmapSeams: 1
  m_SelectedEditorRenderState: 3
  m_MinimumChartSize: 4
  m_AutoUVMaxDistance: 0.5
  m_AutoUVMaxAngle: 89
  m_LightmapParameters: {fileID: 0}
  m_SortingLayerID: 0
  m_SortingLayer: 0
  m_SortingOrder: 0
  m_AdditionalVertexStreams: {fileID: 0}
--- !u!33 &1133005346
MeshFilter:
  m_ObjectHideFlags: 0
  m_CorrespondingSourceObject: {fileID: 0}
  m_PrefabInstance: {fileID: 0}
  m_PrefabAsset: {fileID: 0}
  m_GameObject: {fileID: 1133005342}
  m_Mesh: {fileID: 10202, guid: 0000000000000000e000000000000000, type: 0}
--- !u!1 &1248556900
GameObject:
  m_ObjectHideFlags: 0
  m_CorrespondingSourceObject: {fileID: 0}
  m_PrefabInstance: {fileID: 0}
  m_PrefabAsset: {fileID: 0}
  serializedVersion: 6
  m_Component:
  - component: {fileID: 1248556901}
  - component: {fileID: 1248556904}
  - component: {fileID: 1248556903}
  - component: {fileID: 1248556902}
  m_Layer: 0
  m_Name: Cube (9)
  m_TagString: Untagged
  m_Icon: {fileID: 0}
  m_NavMeshLayer: 0
  m_StaticEditorFlags: 0
  m_IsActive: 1
--- !u!4 &1248556901
Transform:
  m_ObjectHideFlags: 0
  m_CorrespondingSourceObject: {fileID: 0}
  m_PrefabInstance: {fileID: 0}
  m_PrefabAsset: {fileID: 0}
  m_GameObject: {fileID: 1248556900}
  m_LocalRotation: {x: 0, y: 0, z: 0, w: 1}
  m_LocalPosition: {x: 46.93, y: 6.5, z: 0}
  m_LocalScale: {x: 1.3339003, y: 0.4040089, z: 2}
  m_Children: []
  m_Father: {fileID: 1309625023}
  m_RootOrder: 9
  m_LocalEulerAnglesHint: {x: 0, y: 0, z: 0}
--- !u!65 &1248556902
BoxCollider:
  m_ObjectHideFlags: 0
  m_CorrespondingSourceObject: {fileID: 0}
  m_PrefabInstance: {fileID: 0}
  m_PrefabAsset: {fileID: 0}
  m_GameObject: {fileID: 1248556900}
  m_Material: {fileID: 13400000, guid: dd18dc4ac24554a0badca3bef5a8c155, type: 2}
  m_IsTrigger: 0
  m_Enabled: 1
  serializedVersion: 2
  m_Size: {x: 1, y: 1, z: 1}
  m_Center: {x: 0, y: 0, z: 0}
--- !u!23 &1248556903
MeshRenderer:
  m_ObjectHideFlags: 0
  m_CorrespondingSourceObject: {fileID: 0}
  m_PrefabInstance: {fileID: 0}
  m_PrefabAsset: {fileID: 0}
  m_GameObject: {fileID: 1248556900}
  m_Enabled: 1
  m_CastShadows: 1
  m_ReceiveShadows: 1
  m_DynamicOccludee: 1
  m_MotionVectors: 1
  m_LightProbeUsage: 1
  m_ReflectionProbeUsage: 1
  m_RayTracingMode: 2
  m_RayTraceProcedural: 0
  m_RenderingLayerMask: 1
  m_RendererPriority: 0
  m_Materials:
  - {fileID: 2100000, guid: 5c13ff935b260447a861acd7df56ba6c, type: 2}
  m_StaticBatchInfo:
    firstSubMesh: 0
    subMeshCount: 0
  m_StaticBatchRoot: {fileID: 0}
  m_ProbeAnchor: {fileID: 0}
  m_LightProbeVolumeOverride: {fileID: 0}
  m_ScaleInLightmap: 1
  m_ReceiveGI: 1
  m_PreserveUVs: 0
  m_IgnoreNormalsForChartDetection: 0
  m_ImportantGI: 0
  m_StitchLightmapSeams: 1
  m_SelectedEditorRenderState: 3
  m_MinimumChartSize: 4
  m_AutoUVMaxDistance: 0.5
  m_AutoUVMaxAngle: 89
  m_LightmapParameters: {fileID: 0}
  m_SortingLayerID: 0
  m_SortingLayer: 0
  m_SortingOrder: 0
  m_AdditionalVertexStreams: {fileID: 0}
--- !u!33 &1248556904
MeshFilter:
  m_ObjectHideFlags: 0
  m_CorrespondingSourceObject: {fileID: 0}
  m_PrefabInstance: {fileID: 0}
  m_PrefabAsset: {fileID: 0}
  m_GameObject: {fileID: 1248556900}
  m_Mesh: {fileID: 10202, guid: 0000000000000000e000000000000000, type: 0}
--- !u!1 &1309625022
GameObject:
  m_ObjectHideFlags: 0
  m_CorrespondingSourceObject: {fileID: 0}
  m_PrefabInstance: {fileID: 0}
  m_PrefabAsset: {fileID: 0}
  serializedVersion: 6
  m_Component:
  - component: {fileID: 1309625023}
  m_Layer: 0
  m_Name: UpperLayer
  m_TagString: Untagged
  m_Icon: {fileID: 0}
  m_NavMeshLayer: 0
  m_StaticEditorFlags: 0
  m_IsActive: 1
--- !u!4 &1309625023
Transform:
  m_ObjectHideFlags: 0
  m_CorrespondingSourceObject: {fileID: 0}
  m_PrefabInstance: {fileID: 0}
  m_PrefabAsset: {fileID: 0}
  m_GameObject: {fileID: 1309625022}
  m_LocalRotation: {x: 0, y: 0, z: 0, w: 1}
  m_LocalPosition: {x: 0, y: 0, z: 0}
  m_LocalScale: {x: 1, y: 1, z: 1}
  m_Children:
  - {fileID: 1905515808}
  - {fileID: 660055457}
  - {fileID: 1108282236}
  - {fileID: 1725404194}
  - {fileID: 268415866}
  - {fileID: 580577931}
  - {fileID: 476960974}
  - {fileID: 1477497167}
  - {fileID: 1133005343}
  - {fileID: 1248556901}
  - {fileID: 366148936}
  - {fileID: 2079516861}
  - {fileID: 114468714}
  m_Father: {fileID: 1963787968}
  m_RootOrder: 1
  m_LocalEulerAnglesHint: {x: 0, y: 0, z: 0}
--- !u!1001 &1353041825
PrefabInstance:
  m_ObjectHideFlags: 0
  serializedVersion: 2
  m_Modification:
    m_TransformParent: {fileID: 0}
    m_Modifications:
    - target: {fileID: 388290615712883536, guid: 84cdaea7e8c0742a1979f52df6d1db4d, type: 3}
      propertyPath: m_RootOrder
      value: 2
      objectReference: {fileID: 0}
    - target: {fileID: 388290615712883536, guid: 84cdaea7e8c0742a1979f52df6d1db4d, type: 3}
      propertyPath: m_LocalPosition.x
      value: -3.16
      objectReference: {fileID: 0}
    - target: {fileID: 388290615712883536, guid: 84cdaea7e8c0742a1979f52df6d1db4d, type: 3}
      propertyPath: m_LocalPosition.y
      value: 1
      objectReference: {fileID: 0}
    - target: {fileID: 388290615712883536, guid: 84cdaea7e8c0742a1979f52df6d1db4d, type: 3}
      propertyPath: m_LocalPosition.z
      value: 0
      objectReference: {fileID: 0}
    - target: {fileID: 388290615712883536, guid: 84cdaea7e8c0742a1979f52df6d1db4d, type: 3}
      propertyPath: m_LocalRotation.w
      value: 1
      objectReference: {fileID: 0}
    - target: {fileID: 388290615712883536, guid: 84cdaea7e8c0742a1979f52df6d1db4d, type: 3}
      propertyPath: m_LocalRotation.x
      value: -0
      objectReference: {fileID: 0}
    - target: {fileID: 388290615712883536, guid: 84cdaea7e8c0742a1979f52df6d1db4d, type: 3}
      propertyPath: m_LocalRotation.y
      value: -0
      objectReference: {fileID: 0}
    - target: {fileID: 388290615712883536, guid: 84cdaea7e8c0742a1979f52df6d1db4d, type: 3}
      propertyPath: m_LocalRotation.z
      value: -0
      objectReference: {fileID: 0}
    - target: {fileID: 388290615712883536, guid: 84cdaea7e8c0742a1979f52df6d1db4d, type: 3}
      propertyPath: m_LocalEulerAnglesHint.x
      value: 0
      objectReference: {fileID: 0}
    - target: {fileID: 388290615712883536, guid: 84cdaea7e8c0742a1979f52df6d1db4d, type: 3}
      propertyPath: m_LocalEulerAnglesHint.y
      value: 0
      objectReference: {fileID: 0}
    - target: {fileID: 388290615712883536, guid: 84cdaea7e8c0742a1979f52df6d1db4d, type: 3}
      propertyPath: m_LocalEulerAnglesHint.z
      value: 0
      objectReference: {fileID: 0}
    - target: {fileID: 388290615712883543, guid: 84cdaea7e8c0742a1979f52df6d1db4d, type: 3}
      propertyPath: m_Name
      value: Player
      objectReference: {fileID: 0}
    m_RemovedComponents: []
  m_SourcePrefab: {fileID: 100100000, guid: 84cdaea7e8c0742a1979f52df6d1db4d, type: 3}
--- !u!1 &1425228359
GameObject:
  m_ObjectHideFlags: 0
  m_CorrespondingSourceObject: {fileID: 0}
  m_PrefabInstance: {fileID: 0}
  m_PrefabAsset: {fileID: 0}
  serializedVersion: 6
  m_Component:
  - component: {fileID: 1425228360}
  - component: {fileID: 1425228363}
  - component: {fileID: 1425228362}
  - component: {fileID: 1425228361}
  m_Layer: 0
  m_Name: Cube (13)
  m_TagString: Untagged
  m_Icon: {fileID: 0}
  m_NavMeshLayer: 0
  m_StaticEditorFlags: 0
  m_IsActive: 1
--- !u!4 &1425228360
Transform:
  m_ObjectHideFlags: 0
  m_CorrespondingSourceObject: {fileID: 0}
  m_PrefabInstance: {fileID: 0}
  m_PrefabAsset: {fileID: 0}
  m_GameObject: {fileID: 1425228359}
  m_LocalRotation: {x: -0, y: -0, z: 0.70702034, w: 0.70719326}
  m_LocalPosition: {x: 76.31, y: -0.98, z: 0}
  m_LocalScale: {x: 1.3339, y: 1.4895799, z: 2}
  m_Children: []
  m_Father: {fileID: 1726635536}
  m_RootOrder: 6
  m_LocalEulerAnglesHint: {x: 0, y: 0, z: 89.986}
--- !u!65 &1425228361
BoxCollider:
  m_ObjectHideFlags: 0
  m_CorrespondingSourceObject: {fileID: 0}
  m_PrefabInstance: {fileID: 0}
  m_PrefabAsset: {fileID: 0}
  m_GameObject: {fileID: 1425228359}
  m_Material: {fileID: 13400000, guid: dd18dc4ac24554a0badca3bef5a8c155, type: 2}
  m_IsTrigger: 0
  m_Enabled: 1
  serializedVersion: 2
  m_Size: {x: 1, y: 1, z: 1}
  m_Center: {x: 0, y: 0, z: 0}
--- !u!23 &1425228362
MeshRenderer:
  m_ObjectHideFlags: 0
  m_CorrespondingSourceObject: {fileID: 0}
  m_PrefabInstance: {fileID: 0}
  m_PrefabAsset: {fileID: 0}
  m_GameObject: {fileID: 1425228359}
  m_Enabled: 1
  m_CastShadows: 1
  m_ReceiveShadows: 1
  m_DynamicOccludee: 1
  m_MotionVectors: 1
  m_LightProbeUsage: 1
  m_ReflectionProbeUsage: 1
  m_RayTracingMode: 2
  m_RayTraceProcedural: 0
  m_RenderingLayerMask: 1
  m_RendererPriority: 0
  m_Materials:
  - {fileID: 2100000, guid: 5c13ff935b260447a861acd7df56ba6c, type: 2}
  m_StaticBatchInfo:
    firstSubMesh: 0
    subMeshCount: 0
  m_StaticBatchRoot: {fileID: 0}
  m_ProbeAnchor: {fileID: 0}
  m_LightProbeVolumeOverride: {fileID: 0}
  m_ScaleInLightmap: 1
  m_ReceiveGI: 1
  m_PreserveUVs: 0
  m_IgnoreNormalsForChartDetection: 0
  m_ImportantGI: 0
  m_StitchLightmapSeams: 1
  m_SelectedEditorRenderState: 3
  m_MinimumChartSize: 4
  m_AutoUVMaxDistance: 0.5
  m_AutoUVMaxAngle: 89
  m_LightmapParameters: {fileID: 0}
  m_SortingLayerID: 0
  m_SortingLayer: 0
  m_SortingOrder: 0
  m_AdditionalVertexStreams: {fileID: 0}
--- !u!33 &1425228363
MeshFilter:
  m_ObjectHideFlags: 0
  m_CorrespondingSourceObject: {fileID: 0}
  m_PrefabInstance: {fileID: 0}
  m_PrefabAsset: {fileID: 0}
  m_GameObject: {fileID: 1425228359}
  m_Mesh: {fileID: 10202, guid: 0000000000000000e000000000000000, type: 0}
--- !u!1 &1477497166
GameObject:
  m_ObjectHideFlags: 0
  m_CorrespondingSourceObject: {fileID: 0}
  m_PrefabInstance: {fileID: 0}
  m_PrefabAsset: {fileID: 0}
  serializedVersion: 6
  m_Component:
  - component: {fileID: 1477497167}
  - component: {fileID: 1477497170}
  - component: {fileID: 1477497169}
  - component: {fileID: 1477497168}
  m_Layer: 0
  m_Name: Cube (7)
  m_TagString: Untagged
  m_Icon: {fileID: 0}
  m_NavMeshLayer: 0
  m_StaticEditorFlags: 0
  m_IsActive: 1
--- !u!4 &1477497167
Transform:
  m_ObjectHideFlags: 0
  m_CorrespondingSourceObject: {fileID: 0}
  m_PrefabInstance: {fileID: 0}
  m_PrefabAsset: {fileID: 0}
  m_GameObject: {fileID: 1477497166}
  m_LocalRotation: {x: 0, y: 0, z: 0, w: 1}
  m_LocalPosition: {x: 52.74, y: 3.9, z: 0}
  m_LocalScale: {x: 5.0713973, y: 11.099827, z: 2}
  m_Children: []
  m_Father: {fileID: 1309625023}
  m_RootOrder: 7
  m_LocalEulerAnglesHint: {x: 0, y: 0, z: 0}
--- !u!65 &1477497168
BoxCollider:
  m_ObjectHideFlags: 0
  m_CorrespondingSourceObject: {fileID: 0}
  m_PrefabInstance: {fileID: 0}
  m_PrefabAsset: {fileID: 0}
  m_GameObject: {fileID: 1477497166}
  m_Material: {fileID: 13400000, guid: dd18dc4ac24554a0badca3bef5a8c155, type: 2}
  m_IsTrigger: 0
  m_Enabled: 1
  serializedVersion: 2
  m_Size: {x: 1, y: 1, z: 1}
  m_Center: {x: 0, y: 0, z: 0}
--- !u!23 &1477497169
MeshRenderer:
  m_ObjectHideFlags: 0
  m_CorrespondingSourceObject: {fileID: 0}
  m_PrefabInstance: {fileID: 0}
  m_PrefabAsset: {fileID: 0}
  m_GameObject: {fileID: 1477497166}
  m_Enabled: 1
  m_CastShadows: 1
  m_ReceiveShadows: 1
  m_DynamicOccludee: 1
  m_MotionVectors: 1
  m_LightProbeUsage: 1
  m_ReflectionProbeUsage: 1
  m_RayTracingMode: 2
  m_RayTraceProcedural: 0
  m_RenderingLayerMask: 1
  m_RendererPriority: 0
  m_Materials:
  - {fileID: 2100000, guid: 5c13ff935b260447a861acd7df56ba6c, type: 2}
  m_StaticBatchInfo:
    firstSubMesh: 0
    subMeshCount: 0
  m_StaticBatchRoot: {fileID: 0}
  m_ProbeAnchor: {fileID: 0}
  m_LightProbeVolumeOverride: {fileID: 0}
  m_ScaleInLightmap: 1
  m_ReceiveGI: 1
  m_PreserveUVs: 0
  m_IgnoreNormalsForChartDetection: 0
  m_ImportantGI: 0
  m_StitchLightmapSeams: 1
  m_SelectedEditorRenderState: 3
  m_MinimumChartSize: 4
  m_AutoUVMaxDistance: 0.5
  m_AutoUVMaxAngle: 89
  m_LightmapParameters: {fileID: 0}
  m_SortingLayerID: 0
  m_SortingLayer: 0
  m_SortingOrder: 0
  m_AdditionalVertexStreams: {fileID: 0}
--- !u!33 &1477497170
MeshFilter:
  m_ObjectHideFlags: 0
  m_CorrespondingSourceObject: {fileID: 0}
  m_PrefabInstance: {fileID: 0}
  m_PrefabAsset: {fileID: 0}
  m_GameObject: {fileID: 1477497166}
  m_Mesh: {fileID: 10202, guid: 0000000000000000e000000000000000, type: 0}
--- !u!4 &1547812721 stripped
Transform:
  m_CorrespondingSourceObject: {fileID: 1611373715402337260, guid: 69347ec506edf4a1fa75d528d6403166, type: 3}
  m_PrefabInstance: {fileID: 1715638592}
  m_PrefabAsset: {fileID: 0}
--- !u!1001 &1593301278
PrefabInstance:
  m_ObjectHideFlags: 0
  serializedVersion: 2
  m_Modification:
    m_TransformParent: {fileID: 0}
    m_Modifications:
    - target: {fileID: 2326340101419835250, guid: 3f000e8ddecb748a09b1d673c4bfc94d, type: 3}
      propertyPath: m_Name
      value: Camera
      objectReference: {fileID: 0}
    - target: {fileID: 2326340101419835255, guid: 3f000e8ddecb748a09b1d673c4bfc94d, type: 3}
      propertyPath: m_RootOrder
      value: 0
      objectReference: {fileID: 0}
    - target: {fileID: 2326340101419835255, guid: 3f000e8ddecb748a09b1d673c4bfc94d, type: 3}
      propertyPath: m_LocalPosition.x
      value: -5.8
      objectReference: {fileID: 0}
    - target: {fileID: 2326340101419835255, guid: 3f000e8ddecb748a09b1d673c4bfc94d, type: 3}
      propertyPath: m_LocalPosition.y
      value: 13.1
      objectReference: {fileID: 0}
    - target: {fileID: 2326340101419835255, guid: 3f000e8ddecb748a09b1d673c4bfc94d, type: 3}
      propertyPath: m_LocalPosition.z
      value: -17.02
      objectReference: {fileID: 0}
    - target: {fileID: 2326340101419835255, guid: 3f000e8ddecb748a09b1d673c4bfc94d, type: 3}
      propertyPath: m_LocalRotation.w
      value: 0.95095754
      objectReference: {fileID: 0}
    - target: {fileID: 2326340101419835255, guid: 3f000e8ddecb748a09b1d673c4bfc94d, type: 3}
      propertyPath: m_LocalRotation.x
      value: 0.22979724
      objectReference: {fileID: 0}
    - target: {fileID: 2326340101419835255, guid: 3f000e8ddecb748a09b1d673c4bfc94d, type: 3}
      propertyPath: m_LocalRotation.y
      value: 0.20126499
      objectReference: {fileID: 0}
    - target: {fileID: 2326340101419835255, guid: 3f000e8ddecb748a09b1d673c4bfc94d, type: 3}
      propertyPath: m_LocalRotation.z
      value: -0.048635338
      objectReference: {fileID: 0}
    - target: {fileID: 2326340101419835255, guid: 3f000e8ddecb748a09b1d673c4bfc94d, type: 3}
      propertyPath: m_LocalEulerAnglesHint.x
      value: 27.17
      objectReference: {fileID: 0}
    - target: {fileID: 2326340101419835255, guid: 3f000e8ddecb748a09b1d673c4bfc94d, type: 3}
      propertyPath: m_LocalEulerAnglesHint.y
      value: 23.9
      objectReference: {fileID: 0}
    - target: {fileID: 2326340101419835255, guid: 3f000e8ddecb748a09b1d673c4bfc94d, type: 3}
      propertyPath: m_LocalEulerAnglesHint.z
      value: 0
      objectReference: {fileID: 0}
    m_RemovedComponents: []
  m_SourcePrefab: {fileID: 100100000, guid: 3f000e8ddecb748a09b1d673c4bfc94d, type: 3}
--- !u!1001 &1659233203
PrefabInstance:
  m_ObjectHideFlags: 0
  serializedVersion: 2
  m_Modification:
    m_TransformParent: {fileID: 0}
    m_Modifications:
    - target: {fileID: 6291972051182949576, guid: 121f86fb39eee44fab4c667b07955a56, type: 3}
      propertyPath: m_RootOrder
      value: 3
      objectReference: {fileID: 0}
    - target: {fileID: 6291972051182949576, guid: 121f86fb39eee44fab4c667b07955a56, type: 3}
      propertyPath: m_LocalPosition.x
      value: 0
      objectReference: {fileID: 0}
    - target: {fileID: 6291972051182949576, guid: 121f86fb39eee44fab4c667b07955a56, type: 3}
      propertyPath: m_LocalPosition.y
      value: 0
      objectReference: {fileID: 0}
    - target: {fileID: 6291972051182949576, guid: 121f86fb39eee44fab4c667b07955a56, type: 3}
      propertyPath: m_LocalPosition.z
      value: 0
      objectReference: {fileID: 0}
    - target: {fileID: 6291972051182949576, guid: 121f86fb39eee44fab4c667b07955a56, type: 3}
      propertyPath: m_LocalRotation.w
      value: 1
      objectReference: {fileID: 0}
    - target: {fileID: 6291972051182949576, guid: 121f86fb39eee44fab4c667b07955a56, type: 3}
      propertyPath: m_LocalRotation.x
      value: 0
      objectReference: {fileID: 0}
    - target: {fileID: 6291972051182949576, guid: 121f86fb39eee44fab4c667b07955a56, type: 3}
      propertyPath: m_LocalRotation.y
      value: 0
      objectReference: {fileID: 0}
    - target: {fileID: 6291972051182949576, guid: 121f86fb39eee44fab4c667b07955a56, type: 3}
      propertyPath: m_LocalRotation.z
      value: 0
      objectReference: {fileID: 0}
    - target: {fileID: 6291972051182949576, guid: 121f86fb39eee44fab4c667b07955a56, type: 3}
      propertyPath: m_LocalEulerAnglesHint.x
      value: 0
      objectReference: {fileID: 0}
    - target: {fileID: 6291972051182949576, guid: 121f86fb39eee44fab4c667b07955a56, type: 3}
      propertyPath: m_LocalEulerAnglesHint.y
      value: 0
      objectReference: {fileID: 0}
    - target: {fileID: 6291972051182949576, guid: 121f86fb39eee44fab4c667b07955a56, type: 3}
      propertyPath: m_LocalEulerAnglesHint.z
      value: 0
      objectReference: {fileID: 0}
    - target: {fileID: 6291972051182949577, guid: 121f86fb39eee44fab4c667b07955a56, type: 3}
      propertyPath: m_Name
      value: GameManager
      objectReference: {fileID: 0}
    - target: {fileID: 6291972051182949583, guid: 121f86fb39eee44fab4c667b07955a56, type: 3}
      propertyPath: Goal
      value: 
      objectReference: {fileID: 1968698144}
    - target: {fileID: 6291972051182949583, guid: 121f86fb39eee44fab4c667b07955a56, type: 3}
      propertyPath: timer
      value: 40
      objectReference: {fileID: 0}
    - target: {fileID: 6291972051182949583, guid: 121f86fb39eee44fab4c667b07955a56, type: 3}
      propertyPath: TextTimer
      value: 
      objectReference: {fileID: 414975620}
    m_RemovedComponents: []
  m_SourcePrefab: {fileID: 100100000, guid: 121f86fb39eee44fab4c667b07955a56, type: 3}
--- !u!1001 &1691521198
PrefabInstance:
  m_ObjectHideFlags: 0
  serializedVersion: 2
  m_Modification:
    m_TransformParent: {fileID: 1726635536}
    m_Modifications:
    - target: {fileID: 1611373715402337260, guid: 69347ec506edf4a1fa75d528d6403166, type: 3}
      propertyPath: m_RootOrder
      value: 2
      objectReference: {fileID: 0}
    - target: {fileID: 1611373715402337260, guid: 69347ec506edf4a1fa75d528d6403166, type: 3}
      propertyPath: m_LocalScale.x
      value: -0.24209912
      objectReference: {fileID: 0}
    - target: {fileID: 1611373715402337260, guid: 69347ec506edf4a1fa75d528d6403166, type: 3}
      propertyPath: m_LocalScale.y
      value: 2.3102221
      objectReference: {fileID: 0}
    - target: {fileID: 1611373715402337260, guid: 69347ec506edf4a1fa75d528d6403166, type: 3}
      propertyPath: m_LocalScale.z
      value: 1.9
      objectReference: {fileID: 0}
    - target: {fileID: 1611373715402337260, guid: 69347ec506edf4a1fa75d528d6403166, type: 3}
      propertyPath: m_LocalPosition.x
      value: 52.87
      objectReference: {fileID: 0}
    - target: {fileID: 1611373715402337260, guid: 69347ec506edf4a1fa75d528d6403166, type: 3}
      propertyPath: m_LocalPosition.y
      value: 9.53
      objectReference: {fileID: 0}
    - target: {fileID: 1611373715402337260, guid: 69347ec506edf4a1fa75d528d6403166, type: 3}
      propertyPath: m_LocalPosition.z
      value: 0
      objectReference: {fileID: 0}
    - target: {fileID: 1611373715402337260, guid: 69347ec506edf4a1fa75d528d6403166, type: 3}
      propertyPath: m_LocalRotation.w
      value: 1
      objectReference: {fileID: 0}
    - target: {fileID: 1611373715402337260, guid: 69347ec506edf4a1fa75d528d6403166, type: 3}
      propertyPath: m_LocalRotation.x
      value: -0
      objectReference: {fileID: 0}
    - target: {fileID: 1611373715402337260, guid: 69347ec506edf4a1fa75d528d6403166, type: 3}
      propertyPath: m_LocalRotation.y
      value: -0
      objectReference: {fileID: 0}
    - target: {fileID: 1611373715402337260, guid: 69347ec506edf4a1fa75d528d6403166, type: 3}
      propertyPath: m_LocalRotation.z
      value: -0
      objectReference: {fileID: 0}
    - target: {fileID: 1611373715402337260, guid: 69347ec506edf4a1fa75d528d6403166, type: 3}
      propertyPath: m_LocalEulerAnglesHint.x
      value: 0
      objectReference: {fileID: 0}
    - target: {fileID: 1611373715402337260, guid: 69347ec506edf4a1fa75d528d6403166, type: 3}
      propertyPath: m_LocalEulerAnglesHint.y
      value: 0
      objectReference: {fileID: 0}
    - target: {fileID: 1611373715402337260, guid: 69347ec506edf4a1fa75d528d6403166, type: 3}
      propertyPath: m_LocalEulerAnglesHint.z
      value: 0
      objectReference: {fileID: 0}
    - target: {fileID: 3700365744653131959, guid: 69347ec506edf4a1fa75d528d6403166, type: 3}
      propertyPath: m_Name
      value: Lava  (2)
      objectReference: {fileID: 0}
    m_RemovedComponents: []
  m_SourcePrefab: {fileID: 100100000, guid: 69347ec506edf4a1fa75d528d6403166, type: 3}
--- !u!4 &1691521199 stripped
Transform:
  m_CorrespondingSourceObject: {fileID: 1611373715402337260, guid: 69347ec506edf4a1fa75d528d6403166, type: 3}
  m_PrefabInstance: {fileID: 1691521198}
  m_PrefabAsset: {fileID: 0}
--- !u!1001 &1715638592
PrefabInstance:
  m_ObjectHideFlags: 0
  serializedVersion: 2
  m_Modification:
    m_TransformParent: {fileID: 1726635536}
    m_Modifications:
    - target: {fileID: 1611373715402337260, guid: 69347ec506edf4a1fa75d528d6403166, type: 3}
      propertyPath: m_RootOrder
      value: 7
      objectReference: {fileID: 0}
    - target: {fileID: 1611373715402337260, guid: 69347ec506edf4a1fa75d528d6403166, type: 3}
      propertyPath: m_LocalScale.x
      value: -1.4725195
      objectReference: {fileID: 0}
    - target: {fileID: 1611373715402337260, guid: 69347ec506edf4a1fa75d528d6403166, type: 3}
      propertyPath: m_LocalScale.y
      value: 1.2730248
      objectReference: {fileID: 0}
    - target: {fileID: 1611373715402337260, guid: 69347ec506edf4a1fa75d528d6403166, type: 3}
      propertyPath: m_LocalScale.z
      value: 1.9
      objectReference: {fileID: 0}
    - target: {fileID: 1611373715402337260, guid: 69347ec506edf4a1fa75d528d6403166, type: 3}
      propertyPath: m_LocalPosition.x
      value: 78.03
      objectReference: {fileID: 0}
    - target: {fileID: 1611373715402337260, guid: 69347ec506edf4a1fa75d528d6403166, type: 3}
      propertyPath: m_LocalPosition.y
      value: 1.77
      objectReference: {fileID: 0}
    - target: {fileID: 1611373715402337260, guid: 69347ec506edf4a1fa75d528d6403166, type: 3}
      propertyPath: m_LocalPosition.z
      value: 0
      objectReference: {fileID: 0}
    - target: {fileID: 1611373715402337260, guid: 69347ec506edf4a1fa75d528d6403166, type: 3}
      propertyPath: m_LocalRotation.w
      value: 1
      objectReference: {fileID: 0}
    - target: {fileID: 1611373715402337260, guid: 69347ec506edf4a1fa75d528d6403166, type: 3}
      propertyPath: m_LocalRotation.x
      value: -0
      objectReference: {fileID: 0}
    - target: {fileID: 1611373715402337260, guid: 69347ec506edf4a1fa75d528d6403166, type: 3}
      propertyPath: m_LocalRotation.y
      value: -0
      objectReference: {fileID: 0}
    - target: {fileID: 1611373715402337260, guid: 69347ec506edf4a1fa75d528d6403166, type: 3}
      propertyPath: m_LocalRotation.z
      value: -0
      objectReference: {fileID: 0}
    - target: {fileID: 1611373715402337260, guid: 69347ec506edf4a1fa75d528d6403166, type: 3}
      propertyPath: m_LocalEulerAnglesHint.x
      value: 0
      objectReference: {fileID: 0}
    - target: {fileID: 1611373715402337260, guid: 69347ec506edf4a1fa75d528d6403166, type: 3}
      propertyPath: m_LocalEulerAnglesHint.y
      value: 0
      objectReference: {fileID: 0}
    - target: {fileID: 1611373715402337260, guid: 69347ec506edf4a1fa75d528d6403166, type: 3}
      propertyPath: m_LocalEulerAnglesHint.z
      value: 0
      objectReference: {fileID: 0}
    - target: {fileID: 3700365744653131959, guid: 69347ec506edf4a1fa75d528d6403166, type: 3}
      propertyPath: m_Name
      value: Lava  (6)
      objectReference: {fileID: 0}
    m_RemovedComponents: []
  m_SourcePrefab: {fileID: 100100000, guid: 69347ec506edf4a1fa75d528d6403166, type: 3}
--- !u!1 &1725404193
GameObject:
  m_ObjectHideFlags: 0
  m_CorrespondingSourceObject: {fileID: 0}
  m_PrefabInstance: {fileID: 0}
  m_PrefabAsset: {fileID: 0}
  serializedVersion: 6
  m_Component:
  - component: {fileID: 1725404194}
  - component: {fileID: 1725404197}
  - component: {fileID: 1725404196}
  - component: {fileID: 1725404195}
  m_Layer: 0
  m_Name: Cube (3)
  m_TagString: Untagged
  m_Icon: {fileID: 0}
  m_NavMeshLayer: 0
  m_StaticEditorFlags: 0
  m_IsActive: 1
--- !u!4 &1725404194
Transform:
  m_ObjectHideFlags: 0
  m_CorrespondingSourceObject: {fileID: 0}
  m_PrefabInstance: {fileID: 0}
  m_PrefabAsset: {fileID: 0}
  m_GameObject: {fileID: 1725404193}
  m_LocalRotation: {x: 0, y: 0, z: 0, w: 1}
  m_LocalPosition: {x: 28.43, y: 6.66, z: 0}
  m_LocalScale: {x: 0.6831682, y: 0.4040089, z: 2}
  m_Children: []
  m_Father: {fileID: 1309625023}
  m_RootOrder: 3
  m_LocalEulerAnglesHint: {x: 0, y: 0, z: 0}
--- !u!65 &1725404195
BoxCollider:
  m_ObjectHideFlags: 0
  m_CorrespondingSourceObject: {fileID: 0}
  m_PrefabInstance: {fileID: 0}
  m_PrefabAsset: {fileID: 0}
  m_GameObject: {fileID: 1725404193}
  m_Material: {fileID: 13400000, guid: dd18dc4ac24554a0badca3bef5a8c155, type: 2}
  m_IsTrigger: 0
  m_Enabled: 1
  serializedVersion: 2
  m_Size: {x: 1, y: 1, z: 1}
  m_Center: {x: 0, y: 0, z: 0}
--- !u!23 &1725404196
MeshRenderer:
  m_ObjectHideFlags: 0
  m_CorrespondingSourceObject: {fileID: 0}
  m_PrefabInstance: {fileID: 0}
  m_PrefabAsset: {fileID: 0}
  m_GameObject: {fileID: 1725404193}
  m_Enabled: 1
  m_CastShadows: 1
  m_ReceiveShadows: 1
  m_DynamicOccludee: 1
  m_MotionVectors: 1
  m_LightProbeUsage: 1
  m_ReflectionProbeUsage: 1
  m_RayTracingMode: 2
  m_RayTraceProcedural: 0
  m_RenderingLayerMask: 1
  m_RendererPriority: 0
  m_Materials:
  - {fileID: 2100000, guid: 5c13ff935b260447a861acd7df56ba6c, type: 2}
  m_StaticBatchInfo:
    firstSubMesh: 0
    subMeshCount: 0
  m_StaticBatchRoot: {fileID: 0}
  m_ProbeAnchor: {fileID: 0}
  m_LightProbeVolumeOverride: {fileID: 0}
  m_ScaleInLightmap: 1
  m_ReceiveGI: 1
  m_PreserveUVs: 0
  m_IgnoreNormalsForChartDetection: 0
  m_ImportantGI: 0
  m_StitchLightmapSeams: 1
  m_SelectedEditorRenderState: 3
  m_MinimumChartSize: 4
  m_AutoUVMaxDistance: 0.5
  m_AutoUVMaxAngle: 89
  m_LightmapParameters: {fileID: 0}
  m_SortingLayerID: 0
  m_SortingLayer: 0
  m_SortingOrder: 0
  m_AdditionalVertexStreams: {fileID: 0}
--- !u!33 &1725404197
MeshFilter:
  m_ObjectHideFlags: 0
  m_CorrespondingSourceObject: {fileID: 0}
  m_PrefabInstance: {fileID: 0}
  m_PrefabAsset: {fileID: 0}
  m_GameObject: {fileID: 1725404193}
  m_Mesh: {fileID: 10202, guid: 0000000000000000e000000000000000, type: 0}
--- !u!1 &1726635535
GameObject:
  m_ObjectHideFlags: 0
  m_CorrespondingSourceObject: {fileID: 0}
  m_PrefabInstance: {fileID: 0}
  m_PrefabAsset: {fileID: 0}
  serializedVersion: 6
  m_Component:
  - component: {fileID: 1726635536}
  m_Layer: 0
  m_Name: Lava
  m_TagString: Untagged
  m_Icon: {fileID: 0}
  m_NavMeshLayer: 0
  m_StaticEditorFlags: 0
  m_IsActive: 1
--- !u!4 &1726635536
Transform:
  m_ObjectHideFlags: 0
  m_CorrespondingSourceObject: {fileID: 0}
  m_PrefabInstance: {fileID: 0}
  m_PrefabAsset: {fileID: 0}
  m_GameObject: {fileID: 1726635535}
  m_LocalRotation: {x: 0, y: 0, z: 0, w: 1}
  m_LocalPosition: {x: 0, y: 0, z: 0}
  m_LocalScale: {x: 1, y: 1, z: 1}
  m_Children:
  - {fileID: 839310436}
  - {fileID: 604329560}
  - {fileID: 1691521199}
  - {fileID: 1810861225}
  - {fileID: 1875789351}
  - {fileID: 1868791695}
  - {fileID: 1425228360}
  - {fileID: 1547812721}
  m_Father: {fileID: 1963787968}
  m_RootOrder: 2
  m_LocalEulerAnglesHint: {x: 0, y: 0, z: 0}
--- !u!1001 &1810861224
PrefabInstance:
  m_ObjectHideFlags: 0
  serializedVersion: 2
  m_Modification:
    m_TransformParent: {fileID: 1726635536}
    m_Modifications:
    - target: {fileID: 1611373715402337260, guid: 69347ec506edf4a1fa75d528d6403166, type: 3}
      propertyPath: m_RootOrder
      value: 3
      objectReference: {fileID: 0}
    - target: {fileID: 1611373715402337260, guid: 69347ec506edf4a1fa75d528d6403166, type: 3}
      propertyPath: m_LocalScale.x
      value: -1.4725195
      objectReference: {fileID: 0}
    - target: {fileID: 1611373715402337260, guid: 69347ec506edf4a1fa75d528d6403166, type: 3}
      propertyPath: m_LocalScale.y
      value: 1.2730248
      objectReference: {fileID: 0}
    - target: {fileID: 1611373715402337260, guid: 69347ec506edf4a1fa75d528d6403166, type: 3}
      propertyPath: m_LocalScale.z
      value: 1.9
      objectReference: {fileID: 0}
    - target: {fileID: 1611373715402337260, guid: 69347ec506edf4a1fa75d528d6403166, type: 3}
      propertyPath: m_LocalPosition.x
      value: 68.89
      objectReference: {fileID: 0}
    - target: {fileID: 1611373715402337260, guid: 69347ec506edf4a1fa75d528d6403166, type: 3}
      propertyPath: m_LocalPosition.y
      value: 1.77
      objectReference: {fileID: 0}
    - target: {fileID: 1611373715402337260, guid: 69347ec506edf4a1fa75d528d6403166, type: 3}
      propertyPath: m_LocalPosition.z
      value: 0
      objectReference: {fileID: 0}
    - target: {fileID: 1611373715402337260, guid: 69347ec506edf4a1fa75d528d6403166, type: 3}
      propertyPath: m_LocalRotation.w
      value: 1
      objectReference: {fileID: 0}
    - target: {fileID: 1611373715402337260, guid: 69347ec506edf4a1fa75d528d6403166, type: 3}
      propertyPath: m_LocalRotation.x
      value: -0
      objectReference: {fileID: 0}
    - target: {fileID: 1611373715402337260, guid: 69347ec506edf4a1fa75d528d6403166, type: 3}
      propertyPath: m_LocalRotation.y
      value: -0
      objectReference: {fileID: 0}
    - target: {fileID: 1611373715402337260, guid: 69347ec506edf4a1fa75d528d6403166, type: 3}
      propertyPath: m_LocalRotation.z
      value: -0
      objectReference: {fileID: 0}
    - target: {fileID: 1611373715402337260, guid: 69347ec506edf4a1fa75d528d6403166, type: 3}
      propertyPath: m_LocalEulerAnglesHint.x
      value: 0
      objectReference: {fileID: 0}
    - target: {fileID: 1611373715402337260, guid: 69347ec506edf4a1fa75d528d6403166, type: 3}
      propertyPath: m_LocalEulerAnglesHint.y
      value: 0
      objectReference: {fileID: 0}
    - target: {fileID: 1611373715402337260, guid: 69347ec506edf4a1fa75d528d6403166, type: 3}
      propertyPath: m_LocalEulerAnglesHint.z
      value: 0
      objectReference: {fileID: 0}
    - target: {fileID: 3700365744653131959, guid: 69347ec506edf4a1fa75d528d6403166, type: 3}
      propertyPath: m_Name
      value: Lava  (4)
      objectReference: {fileID: 0}
    m_RemovedComponents: []
  m_SourcePrefab: {fileID: 100100000, guid: 69347ec506edf4a1fa75d528d6403166, type: 3}
--- !u!4 &1810861225 stripped
Transform:
  m_CorrespondingSourceObject: {fileID: 1611373715402337260, guid: 69347ec506edf4a1fa75d528d6403166, type: 3}
  m_PrefabInstance: {fileID: 1810861224}
  m_PrefabAsset: {fileID: 0}
--- !u!1001 &1868791694
PrefabInstance:
  m_ObjectHideFlags: 0
  serializedVersion: 2
  m_Modification:
    m_TransformParent: {fileID: 1726635536}
    m_Modifications:
    - target: {fileID: 1611373715402337260, guid: 69347ec506edf4a1fa75d528d6403166, type: 3}
      propertyPath: m_RootOrder
      value: 5
      objectReference: {fileID: 0}
    - target: {fileID: 1611373715402337260, guid: 69347ec506edf4a1fa75d528d6403166, type: 3}
      propertyPath: m_LocalScale.x
      value: -1.4725195
      objectReference: {fileID: 0}
    - target: {fileID: 1611373715402337260, guid: 69347ec506edf4a1fa75d528d6403166, type: 3}
      propertyPath: m_LocalScale.y
      value: 1.2730248
      objectReference: {fileID: 0}
    - target: {fileID: 1611373715402337260, guid: 69347ec506edf4a1fa75d528d6403166, type: 3}
      propertyPath: m_LocalScale.z
      value: 1.9
      objectReference: {fileID: 0}
    - target: {fileID: 1611373715402337260, guid: 69347ec506edf4a1fa75d528d6403166, type: 3}
      propertyPath: m_LocalPosition.x
      value: 73.44
      objectReference: {fileID: 0}
    - target: {fileID: 1611373715402337260, guid: 69347ec506edf4a1fa75d528d6403166, type: 3}
      propertyPath: m_LocalPosition.y
      value: 1.77
      objectReference: {fileID: 0}
    - target: {fileID: 1611373715402337260, guid: 69347ec506edf4a1fa75d528d6403166, type: 3}
      propertyPath: m_LocalPosition.z
      value: 0
      objectReference: {fileID: 0}
    - target: {fileID: 1611373715402337260, guid: 69347ec506edf4a1fa75d528d6403166, type: 3}
      propertyPath: m_LocalRotation.w
      value: 1
      objectReference: {fileID: 0}
    - target: {fileID: 1611373715402337260, guid: 69347ec506edf4a1fa75d528d6403166, type: 3}
      propertyPath: m_LocalRotation.x
      value: -0
      objectReference: {fileID: 0}
    - target: {fileID: 1611373715402337260, guid: 69347ec506edf4a1fa75d528d6403166, type: 3}
      propertyPath: m_LocalRotation.y
      value: -0
      objectReference: {fileID: 0}
    - target: {fileID: 1611373715402337260, guid: 69347ec506edf4a1fa75d528d6403166, type: 3}
      propertyPath: m_LocalRotation.z
      value: -0
      objectReference: {fileID: 0}
    - target: {fileID: 1611373715402337260, guid: 69347ec506edf4a1fa75d528d6403166, type: 3}
      propertyPath: m_LocalEulerAnglesHint.x
      value: 0
      objectReference: {fileID: 0}
    - target: {fileID: 1611373715402337260, guid: 69347ec506edf4a1fa75d528d6403166, type: 3}
      propertyPath: m_LocalEulerAnglesHint.y
      value: 0
      objectReference: {fileID: 0}
    - target: {fileID: 1611373715402337260, guid: 69347ec506edf4a1fa75d528d6403166, type: 3}
      propertyPath: m_LocalEulerAnglesHint.z
      value: 0
      objectReference: {fileID: 0}
    - target: {fileID: 3700365744653131959, guid: 69347ec506edf4a1fa75d528d6403166, type: 3}
      propertyPath: m_Name
      value: Lava  (5)
      objectReference: {fileID: 0}
    m_RemovedComponents: []
  m_SourcePrefab: {fileID: 100100000, guid: 69347ec506edf4a1fa75d528d6403166, type: 3}
--- !u!4 &1868791695 stripped
Transform:
  m_CorrespondingSourceObject: {fileID: 1611373715402337260, guid: 69347ec506edf4a1fa75d528d6403166, type: 3}
  m_PrefabInstance: {fileID: 1868791694}
  m_PrefabAsset: {fileID: 0}
--- !u!1 &1875789350
GameObject:
  m_ObjectHideFlags: 0
  m_CorrespondingSourceObject: {fileID: 0}
  m_PrefabInstance: {fileID: 0}
  m_PrefabAsset: {fileID: 0}
  serializedVersion: 6
  m_Component:
  - component: {fileID: 1875789351}
  - component: {fileID: 1875789354}
  - component: {fileID: 1875789353}
  - component: {fileID: 1875789352}
  m_Layer: 0
  m_Name: Cube (12)
  m_TagString: Untagged
  m_Icon: {fileID: 0}
  m_NavMeshLayer: 0
  m_StaticEditorFlags: 0
  m_IsActive: 1
--- !u!4 &1875789351
Transform:
  m_ObjectHideFlags: 0
  m_CorrespondingSourceObject: {fileID: 0}
  m_PrefabInstance: {fileID: 0}
  m_PrefabAsset: {fileID: 0}
  m_GameObject: {fileID: 1875789350}
  m_LocalRotation: {x: -0, y: -0, z: 0.70702034, w: 0.70719326}
  m_LocalPosition: {x: 71.72, y: -0.98, z: 0}
  m_LocalScale: {x: 1.3339, y: 1.4895799, z: 2}
  m_Children: []
  m_Father: {fileID: 1726635536}
  m_RootOrder: 4
  m_LocalEulerAnglesHint: {x: 0, y: 0, z: 89.986}
--- !u!65 &1875789352
BoxCollider:
  m_ObjectHideFlags: 0
  m_CorrespondingSourceObject: {fileID: 0}
  m_PrefabInstance: {fileID: 0}
  m_PrefabAsset: {fileID: 0}
  m_GameObject: {fileID: 1875789350}
  m_Material: {fileID: 13400000, guid: dd18dc4ac24554a0badca3bef5a8c155, type: 2}
  m_IsTrigger: 0
  m_Enabled: 1
  serializedVersion: 2
  m_Size: {x: 1, y: 1, z: 1}
  m_Center: {x: 0, y: 0, z: 0}
--- !u!23 &1875789353
MeshRenderer:
  m_ObjectHideFlags: 0
  m_CorrespondingSourceObject: {fileID: 0}
  m_PrefabInstance: {fileID: 0}
  m_PrefabAsset: {fileID: 0}
  m_GameObject: {fileID: 1875789350}
  m_Enabled: 1
  m_CastShadows: 1
  m_ReceiveShadows: 1
  m_DynamicOccludee: 1
  m_MotionVectors: 1
  m_LightProbeUsage: 1
  m_ReflectionProbeUsage: 1
  m_RayTracingMode: 2
  m_RayTraceProcedural: 0
  m_RenderingLayerMask: 1
  m_RendererPriority: 0
  m_Materials:
  - {fileID: 2100000, guid: 5c13ff935b260447a861acd7df56ba6c, type: 2}
  m_StaticBatchInfo:
    firstSubMesh: 0
    subMeshCount: 0
  m_StaticBatchRoot: {fileID: 0}
  m_ProbeAnchor: {fileID: 0}
  m_LightProbeVolumeOverride: {fileID: 0}
  m_ScaleInLightmap: 1
  m_ReceiveGI: 1
  m_PreserveUVs: 0
  m_IgnoreNormalsForChartDetection: 0
  m_ImportantGI: 0
  m_StitchLightmapSeams: 1
  m_SelectedEditorRenderState: 3
  m_MinimumChartSize: 4
  m_AutoUVMaxDistance: 0.5
  m_AutoUVMaxAngle: 89
  m_LightmapParameters: {fileID: 0}
  m_SortingLayerID: 0
  m_SortingLayer: 0
  m_SortingOrder: 0
  m_AdditionalVertexStreams: {fileID: 0}
--- !u!33 &1875789354
MeshFilter:
  m_ObjectHideFlags: 0
  m_CorrespondingSourceObject: {fileID: 0}
  m_PrefabInstance: {fileID: 0}
  m_PrefabAsset: {fileID: 0}
  m_GameObject: {fileID: 1875789350}
  m_Mesh: {fileID: 10202, guid: 0000000000000000e000000000000000, type: 0}
--- !u!1001 &1884938160
PrefabInstance:
  m_ObjectHideFlags: 0
  serializedVersion: 2
  m_Modification:
    m_TransformParent: {fileID: 1072210415}
    m_Modifications:
    - target: {fileID: 1232642526394195318, guid: be47ac35f899a42c2b88ba88da941498, type: 3}
      propertyPath: m_Name
      value: MovementBlocker
      objectReference: {fileID: 0}
    - target: {fileID: 1232642526394195319, guid: be47ac35f899a42c2b88ba88da941498, type: 3}
      propertyPath: m_RootOrder
      value: 1
      objectReference: {fileID: 0}
    - target: {fileID: 1232642526394195319, guid: be47ac35f899a42c2b88ba88da941498, type: 3}
      propertyPath: m_LocalPosition.x
      value: -12
      objectReference: {fileID: 0}
    - target: {fileID: 1232642526394195319, guid: be47ac35f899a42c2b88ba88da941498, type: 3}
      propertyPath: m_LocalPosition.y
      value: 0
      objectReference: {fileID: 0}
    - target: {fileID: 1232642526394195319, guid: be47ac35f899a42c2b88ba88da941498, type: 3}
      propertyPath: m_LocalPosition.z
      value: 0
      objectReference: {fileID: 0}
    - target: {fileID: 1232642526394195319, guid: be47ac35f899a42c2b88ba88da941498, type: 3}
      propertyPath: m_LocalRotation.w
      value: 1
      objectReference: {fileID: 0}
    - target: {fileID: 1232642526394195319, guid: be47ac35f899a42c2b88ba88da941498, type: 3}
      propertyPath: m_LocalRotation.x
      value: 0
      objectReference: {fileID: 0}
    - target: {fileID: 1232642526394195319, guid: be47ac35f899a42c2b88ba88da941498, type: 3}
      propertyPath: m_LocalRotation.y
      value: 0
      objectReference: {fileID: 0}
    - target: {fileID: 1232642526394195319, guid: be47ac35f899a42c2b88ba88da941498, type: 3}
      propertyPath: m_LocalRotation.z
      value: 0
      objectReference: {fileID: 0}
    - target: {fileID: 1232642526394195319, guid: be47ac35f899a42c2b88ba88da941498, type: 3}
      propertyPath: m_LocalEulerAnglesHint.x
      value: 0
      objectReference: {fileID: 0}
    - target: {fileID: 1232642526394195319, guid: be47ac35f899a42c2b88ba88da941498, type: 3}
      propertyPath: m_LocalEulerAnglesHint.y
      value: 0
      objectReference: {fileID: 0}
    - target: {fileID: 1232642526394195319, guid: be47ac35f899a42c2b88ba88da941498, type: 3}
      propertyPath: m_LocalEulerAnglesHint.z
      value: 0
      objectReference: {fileID: 0}
    m_RemovedComponents: []
  m_SourcePrefab: {fileID: 100100000, guid: be47ac35f899a42c2b88ba88da941498, type: 3}
--- !u!1 &1905515807
GameObject:
  m_ObjectHideFlags: 0
  m_CorrespondingSourceObject: {fileID: 0}
  m_PrefabInstance: {fileID: 0}
  m_PrefabAsset: {fileID: 0}
  serializedVersion: 6
  m_Component:
  - component: {fileID: 1905515808}
  - component: {fileID: 1905515811}
  - component: {fileID: 1905515810}
  - component: {fileID: 1905515809}
  m_Layer: 0
  m_Name: Cube
  m_TagString: Untagged
  m_Icon: {fileID: 0}
  m_NavMeshLayer: 0
  m_StaticEditorFlags: 0
  m_IsActive: 1
--- !u!4 &1905515808
Transform:
  m_ObjectHideFlags: 0
  m_CorrespondingSourceObject: {fileID: 0}
  m_PrefabInstance: {fileID: 0}
  m_PrefabAsset: {fileID: 0}
  m_GameObject: {fileID: 1905515807}
  m_LocalRotation: {x: 0, y: 0, z: 0, w: 1}
  m_LocalPosition: {x: 9.36, y: -0.58, z: 0}
  m_LocalScale: {x: 2.2014, y: 2.1324596, z: 2}
  m_Children: []
  m_Father: {fileID: 1309625023}
  m_RootOrder: 0
  m_LocalEulerAnglesHint: {x: 0, y: 0, z: 0}
--- !u!65 &1905515809
BoxCollider:
  m_ObjectHideFlags: 0
  m_CorrespondingSourceObject: {fileID: 0}
  m_PrefabInstance: {fileID: 0}
  m_PrefabAsset: {fileID: 0}
  m_GameObject: {fileID: 1905515807}
  m_Material: {fileID: 13400000, guid: dd18dc4ac24554a0badca3bef5a8c155, type: 2}
  m_IsTrigger: 0
  m_Enabled: 1
  serializedVersion: 2
  m_Size: {x: 1, y: 1, z: 1}
  m_Center: {x: 0, y: 0, z: 0}
--- !u!23 &1905515810
MeshRenderer:
  m_ObjectHideFlags: 0
  m_CorrespondingSourceObject: {fileID: 0}
  m_PrefabInstance: {fileID: 0}
  m_PrefabAsset: {fileID: 0}
  m_GameObject: {fileID: 1905515807}
  m_Enabled: 1
  m_CastShadows: 1
  m_ReceiveShadows: 1
  m_DynamicOccludee: 1
  m_MotionVectors: 1
  m_LightProbeUsage: 1
  m_ReflectionProbeUsage: 1
  m_RayTracingMode: 2
  m_RayTraceProcedural: 0
  m_RenderingLayerMask: 1
  m_RendererPriority: 0
  m_Materials:
  - {fileID: 2100000, guid: 5c13ff935b260447a861acd7df56ba6c, type: 2}
  m_StaticBatchInfo:
    firstSubMesh: 0
    subMeshCount: 0
  m_StaticBatchRoot: {fileID: 0}
  m_ProbeAnchor: {fileID: 0}
  m_LightProbeVolumeOverride: {fileID: 0}
  m_ScaleInLightmap: 1
  m_ReceiveGI: 1
  m_PreserveUVs: 0
  m_IgnoreNormalsForChartDetection: 0
  m_ImportantGI: 0
  m_StitchLightmapSeams: 1
  m_SelectedEditorRenderState: 3
  m_MinimumChartSize: 4
  m_AutoUVMaxDistance: 0.5
  m_AutoUVMaxAngle: 89
  m_LightmapParameters: {fileID: 0}
  m_SortingLayerID: 0
  m_SortingLayer: 0
  m_SortingOrder: 0
  m_AdditionalVertexStreams: {fileID: 0}
--- !u!33 &1905515811
MeshFilter:
  m_ObjectHideFlags: 0
  m_CorrespondingSourceObject: {fileID: 0}
  m_PrefabInstance: {fileID: 0}
  m_PrefabAsset: {fileID: 0}
  m_GameObject: {fileID: 1905515807}
  m_Mesh: {fileID: 10202, guid: 0000000000000000e000000000000000, type: 0}
--- !u!1 &1935243836
GameObject:
  m_ObjectHideFlags: 0
  m_CorrespondingSourceObject: {fileID: 0}
  m_PrefabInstance: {fileID: 0}
  m_PrefabAsset: {fileID: 0}
  serializedVersion: 6
  m_Component:
  - component: {fileID: 1935243837}
  - component: {fileID: 1935243840}
  - component: {fileID: 1935243839}
  - component: {fileID: 1935243838}
  m_Layer: 0
  m_Name: LowerLayer
  m_TagString: Untagged
  m_Icon: {fileID: 0}
  m_NavMeshLayer: 0
  m_StaticEditorFlags: 0
  m_IsActive: 1
--- !u!4 &1935243837
Transform:
  m_ObjectHideFlags: 0
  m_CorrespondingSourceObject: {fileID: 0}
  m_PrefabInstance: {fileID: 0}
  m_PrefabAsset: {fileID: 0}
  m_GameObject: {fileID: 1935243836}
  m_LocalRotation: {x: 0, y: 0, z: 0, w: 1}
  m_LocalPosition: {x: 38.3, y: -1.9, z: 0}
  m_LocalScale: {x: 100, y: 1, z: 2}
  m_Children: []
  m_Father: {fileID: 1963787968}
  m_RootOrder: 0
  m_LocalEulerAnglesHint: {x: 0, y: 0, z: 0}
--- !u!65 &1935243838
BoxCollider:
  m_ObjectHideFlags: 0
  m_CorrespondingSourceObject: {fileID: 0}
  m_PrefabInstance: {fileID: 0}
  m_PrefabAsset: {fileID: 0}
  m_GameObject: {fileID: 1935243836}
  m_Material: {fileID: 13400000, guid: dd18dc4ac24554a0badca3bef5a8c155, type: 2}
  m_IsTrigger: 0
  m_Enabled: 1
  serializedVersion: 2
  m_Size: {x: 1, y: 1, z: 1}
  m_Center: {x: 0, y: 0, z: 0}
--- !u!23 &1935243839
MeshRenderer:
  m_ObjectHideFlags: 0
  m_CorrespondingSourceObject: {fileID: 0}
  m_PrefabInstance: {fileID: 0}
  m_PrefabAsset: {fileID: 0}
  m_GameObject: {fileID: 1935243836}
  m_Enabled: 1
  m_CastShadows: 1
  m_ReceiveShadows: 1
  m_DynamicOccludee: 1
  m_MotionVectors: 1
  m_LightProbeUsage: 1
  m_ReflectionProbeUsage: 1
  m_RayTracingMode: 2
  m_RayTraceProcedural: 0
  m_RenderingLayerMask: 1
  m_RendererPriority: 0
  m_Materials:
  - {fileID: 2100000, guid: 5c13ff935b260447a861acd7df56ba6c, type: 2}
  m_StaticBatchInfo:
    firstSubMesh: 0
    subMeshCount: 0
  m_StaticBatchRoot: {fileID: 0}
  m_ProbeAnchor: {fileID: 0}
  m_LightProbeVolumeOverride: {fileID: 0}
  m_ScaleInLightmap: 1
  m_ReceiveGI: 1
  m_PreserveUVs: 0
  m_IgnoreNormalsForChartDetection: 0
  m_ImportantGI: 0
  m_StitchLightmapSeams: 1
  m_SelectedEditorRenderState: 3
  m_MinimumChartSize: 4
  m_AutoUVMaxDistance: 0.5
  m_AutoUVMaxAngle: 89
  m_LightmapParameters: {fileID: 0}
  m_SortingLayerID: 0
  m_SortingLayer: 0
  m_SortingOrder: 0
  m_AdditionalVertexStreams: {fileID: 0}
--- !u!33 &1935243840
MeshFilter:
  m_ObjectHideFlags: 0
  m_CorrespondingSourceObject: {fileID: 0}
  m_PrefabInstance: {fileID: 0}
  m_PrefabAsset: {fileID: 0}
  m_GameObject: {fileID: 1935243836}
  m_Mesh: {fileID: 10202, guid: 0000000000000000e000000000000000, type: 0}
--- !u!1 &1963787967
GameObject:
  m_ObjectHideFlags: 0
  m_CorrespondingSourceObject: {fileID: 0}
  m_PrefabInstance: {fileID: 0}
  m_PrefabAsset: {fileID: 0}
  serializedVersion: 6
  m_Component:
  - component: {fileID: 1963787968}
  m_Layer: 0
  m_Name: Ground
  m_TagString: Untagged
  m_Icon: {fileID: 0}
  m_NavMeshLayer: 0
  m_StaticEditorFlags: 0
  m_IsActive: 1
--- !u!4 &1963787968
Transform:
  m_ObjectHideFlags: 0
  m_CorrespondingSourceObject: {fileID: 0}
  m_PrefabInstance: {fileID: 0}
  m_PrefabAsset: {fileID: 0}
  m_GameObject: {fileID: 1963787967}
  m_LocalRotation: {x: 0, y: 0, z: 0, w: 1}
  m_LocalPosition: {x: 0, y: 0, z: 0}
  m_LocalScale: {x: 1, y: 1, z: 1}
  m_Children:
  - {fileID: 1935243837}
  - {fileID: 1309625023}
  - {fileID: 1726635536}
  m_Father: {fileID: 1072210415}
  m_RootOrder: 2
  m_LocalEulerAnglesHint: {x: 0, y: 0, z: 0}
--- !u!4 &1968698144 stripped
Transform:
  m_CorrespondingSourceObject: {fileID: 747049159031288287, guid: 29bbcad1aec454191b36de1f52bd2a67, type: 3}
  m_PrefabInstance: {fileID: 808777001}
  m_PrefabAsset: {fileID: 0}
--- !u!1 &2079516860
GameObject:
  m_ObjectHideFlags: 0
  m_CorrespondingSourceObject: {fileID: 0}
  m_PrefabInstance: {fileID: 0}
  m_PrefabAsset: {fileID: 0}
  serializedVersion: 6
  m_Component:
  - component: {fileID: 2079516861}
  - component: {fileID: 2079516864}
  - component: {fileID: 2079516863}
  - component: {fileID: 2079516862}
  m_Layer: 0
  m_Name: Cube (11)
  m_TagString: Untagged
  m_Icon: {fileID: 0}
  m_NavMeshLayer: 0
  m_StaticEditorFlags: 0
  m_IsActive: 1
--- !u!4 &2079516861
Transform:
  m_ObjectHideFlags: 0
  m_CorrespondingSourceObject: {fileID: 0}
  m_PrefabInstance: {fileID: 0}
  m_PrefabAsset: {fileID: 0}
  m_GameObject: {fileID: 2079516860}
  m_LocalRotation: {x: 0, y: 0, z: 0, w: 1}
  m_LocalPosition: {x: 73.66, y: 2.6, z: 0}
  m_LocalScale: {x: 18.16165, y: 1.0598075, z: 2}
  m_Children: []
  m_Father: {fileID: 1309625023}
  m_RootOrder: 11
  m_LocalEulerAnglesHint: {x: 0, y: 0, z: 0}
--- !u!65 &2079516862
BoxCollider:
  m_ObjectHideFlags: 0
  m_CorrespondingSourceObject: {fileID: 0}
  m_PrefabInstance: {fileID: 0}
  m_PrefabAsset: {fileID: 0}
  m_GameObject: {fileID: 2079516860}
  m_Material: {fileID: 13400000, guid: dd18dc4ac24554a0badca3bef5a8c155, type: 2}
  m_IsTrigger: 0
  m_Enabled: 1
  serializedVersion: 2
  m_Size: {x: 1, y: 1, z: 1}
  m_Center: {x: 0, y: 0, z: 0}
--- !u!23 &2079516863
MeshRenderer:
  m_ObjectHideFlags: 0
  m_CorrespondingSourceObject: {fileID: 0}
  m_PrefabInstance: {fileID: 0}
  m_PrefabAsset: {fileID: 0}
  m_GameObject: {fileID: 2079516860}
  m_Enabled: 1
  m_CastShadows: 1
  m_ReceiveShadows: 1
  m_DynamicOccludee: 1
  m_MotionVectors: 1
  m_LightProbeUsage: 1
  m_ReflectionProbeUsage: 1
  m_RayTracingMode: 2
  m_RayTraceProcedural: 0
  m_RenderingLayerMask: 1
  m_RendererPriority: 0
  m_Materials:
  - {fileID: 2100000, guid: 5c13ff935b260447a861acd7df56ba6c, type: 2}
  m_StaticBatchInfo:
    firstSubMesh: 0
    subMeshCount: 0
  m_StaticBatchRoot: {fileID: 0}
  m_ProbeAnchor: {fileID: 0}
  m_LightProbeVolumeOverride: {fileID: 0}
  m_ScaleInLightmap: 1
  m_ReceiveGI: 1
  m_PreserveUVs: 0
  m_IgnoreNormalsForChartDetection: 0
  m_ImportantGI: 0
  m_StitchLightmapSeams: 1
  m_SelectedEditorRenderState: 3
  m_MinimumChartSize: 4
  m_AutoUVMaxDistance: 0.5
  m_AutoUVMaxAngle: 89
  m_LightmapParameters: {fileID: 0}
  m_SortingLayerID: 0
  m_SortingLayer: 0
  m_SortingOrder: 0
  m_AdditionalVertexStreams: {fileID: 0}
--- !u!33 &2079516864
MeshFilter:
  m_ObjectHideFlags: 0
  m_CorrespondingSourceObject: {fileID: 0}
  m_PrefabInstance: {fileID: 0}
  m_PrefabAsset: {fileID: 0}
  m_GameObject: {fileID: 2079516860}
  m_Mesh: {fileID: 10202, guid: 0000000000000000e000000000000000, type: 0}
